2888 4852
292 407 356 471 156
549 419 683 468 uocum
707 419 754 466 nn
778 417 984 467 wunnovnu

291 587 419 644 terrum
440 579 516 664 ejus
541 577 726 662 spoliavit3
753 577 893 643 tandem
919 577 964 642 ud
986 577 1136 641 insulam
1152 575 1243 642 Vec-

291 687 363 744 tum
386 682 589 763 perveniens
611 679 701 744 bello
718 698 794 744 enm
819 677 980 744 obtinuit.
1032 678 1113 742 Hoc
1134 678 1242 741 etium

292 787 446 862 tempore
467 772 733 858 ¹Athelwuldus,
748 799 810 843 rex
828 778 1031 843 australium
1048 777 1242 856 Saxonum,

291 897 384 944 enno
409 880 507 962 regni
529 881 583 943 sui
600 887 725 963 quarto
739 899 761 944 u
774 878 920 963 praefato
934 877 1097 943 Wlfhero
1120 875 1243 961 subju-

291 988 395 1062 gatus
417 980 519 1044 fidem
542 980 671 1044 Christi
695 978 861 1063 suscepit,
885 986 921 1043 et
946 979 990 1042 ab
1016 977 1136 1043 eodem
1159 996 1243 1059 rege

291 1080 334 1143 de
356 1100 456 1146 sacro
484 1081 579 1145 sonte
606 1088 789 1163 susceptus
816 1087 891 1160 est3
921 1098 991 1162 quo
1014 1078 1121 1156 facto,
1146 1078 1243 1142 misit

292 1179 423 1263 Eopam
440 1181 678 1265 presbyterum
693 1181 737 1244 ad
754 1180 902 1244 vectam
919 1178 1080 1256 insulem,
1094 1177 1154 1261 qui
1176 1197 1241 1260 po-

290 1281 410 1363 pulum
426 1280 524 1344 illum
540 1280 762 1364 praedicando
777 1280 822 1344 ad
835 1280 936 1344 fidem
952 1284 1168 1343 converteret
1184 1297 1243 1342 ve-

291 1380 417 1445 ritatis.
464 1381 548 1445 Fuit
570 1400 612 1446 co
633 1388 789 1464 tempore
810 1380 846 1444 in
864 1379 1044 1463 provincie
1059 1377 1241 1443 Northuu·

290 1479 513 1544 humbrorum
527 1480 682 1545 clericus
699 1481 851 1564 quidum,
865 1474 1066 1544 ²Wilfridns
1089 1479 1241 1557 nomine,

290 1578 418 1645 Alfridi
440 1581 502 1644 filii
516 1580 625 1645 Oswii
648 1581 740 1663 regis
758 1588 901 1665 propter
914 1580 1105 1644 doctrinam
1122 1577 1243 1643 Chris-

289 1681 395 1745 tianae
421 1680 624 1746 eruditionis
646 1681 791 1745 multum
814 1681 957 1757 amicus,
979 1680 1039 1763 qui
1062 1679 1105 1744 de
1125 1678 1243 1743 Romu

291 1781 438 1859 rediens
469 1781 560 1865 opud
594 1781 785 1859 Dultinum,
818 1779 1114 1863 archiepiscopum
1145 1779 1242 1863 Lug-

289 1880 386 1959 duni,
403 1882 549 1946 multum
565 1882 729 1965 temporis
744 1880 904 1964 implens,
921 1880 1056 1963 abipso
1078 1899 1241 1963 suscepe-

289 1989 345 2046 rat
362 1989 515 2045 tonsurae
536 1981 779 2046 ecclesiasticae
800 1999 975 2045 coronam.
1027 1979 1133 2045 Dedit
1155 1989 1240 2064 ergo

290 2082 322 2144 ei
338 2080 494 2145 Alfridus
509 2083 755 2146 monesterium
770 2081 1004 2164 quadraginta
1019 2080 1241 2159 familiarum,

289 2180 325 2243 in
349 2180 480 2264 Ripuu,
503 2201 606 2265 quem
626 2181 787 2246 videlicet
810 2181 925 2247 locum
947 2180 1052 2263 poulo
1076 2187 1157 2244 ente
1180 2180 1240 2245 de·

289 2279 388 2345 derat
410 2281 594 2365 episcopis,
619 2283 679 2365 qui
710 2282 840 2364 pascha
868 2281 1010 2346 Domini
1028 2281 1134 2366 juxta
1157 2301 1238 2346 con·

290 2381 507 2445 suetudinem
548 2381 730 2446 Scotorum
773 2382 1018 2462 celebrabuut3
1058 2380 1118 2445 sed
1155 2382 1240 2465 quia

229 2480 231 2483 ’
289 2480 340 2544 illi
355 2481 586 2565 postmodum,
602 2482 684 2546 duta
706 2482 772 2546 sibi
785 2482 937 2564 optione,
951 2481 1029 2546 loco
1043 2482 1160 2564 potius
1183 2501 1241 2547 ce-

289 2580 370 2644 dere
387 2581 550 2646 volebant
563 2602 667 2665 quam
683 2601 782 2645 suam
796 2581 1079 2646 consuetudinem
1092 2591 1240 2661 mutere,

289 2681 383 2756 dedit
410 2681 460 2745 illi
485 2683 610 2759 locum,
632 2683 693 2765 qui
715 2681 905 2764 digniorem
931 2681 1038 2744 vitum
1060 2680 1182 2746 habuit
1204 2692 1240 2748 et

289 2781 490 2846 doctrinam.
543 2782 652 2846 Venit
673 2802 715 2846 eo
737 2789 890 2864 ternpore
912 2780 1123 2863 Agelbertus
1151 2785 1240 2847 occi-

179 2914 190 2943 ι
289 2881 476 2946 dentalium
502 2881 680 2946 Saxonum
705 2883 899 2965 episcopus
917 2881 1017 2966 cujus
1039 2901 1146 2965 supra
1167 2902 1240 2947 me-

289 2982 462 3060 minimuS,
478 2981 606 3046 Alsridi
620 2983 751 3047 amicus
766 2981 809 3046 ad
832 2981 1044 3064 provinciam
1060 2980 1240 3047 Northan·

289 3082 525 3160 humbrorum,
553 3083 613 3165 qui
640 3082 682 3147 ad
713 3082 915 3165 petitionem
943 3080 1071 3146 Alfridi
1100 3083 1239 3165 praefati

289 3182 334 3245 ed
362 3183 607 3247 monesterium
630 3182 706 3267 jam
729 3182 858 3246 dictum
874 3181 1074 3247 Wilfridum
1098 3185 1242 3269 presby-

290 3288 402 3345 terum
423 3283 608 3359 ordinavit,
627 3283 686 3346 ubi
708 3282 744 3345 in
769 3283 861 3346 bona
878 3281 960 3346 vitae
978 3284 1241 3350 conversatione

290 3381 432 3463 degens,
447 3402 489 3446 ea
505 3402 583 3464 quoe
606 3382 782 3465 discipulis
804 3381 876 3445 suis
896 3381 1070 3465 sequenda
1084 3383 1241 3464 tradidit,

290 3480 364 3564 ipse
381 3502 596 3565 summopere
613 3481 801 3564 adimplere
818 3482 964 3546 curavit.
1015 3474 1262 3565 ’Agelbertus

325 3724 333 3756 ¹
361 3725 557 3789 ⁸ltieluuidus]
592 3726 683 3775 Called
718 3726 751 3787 by
775 3741 830 3775 was
850 3727 1198 3791 orduinedbiehoposPurie
1213 3732 1241 3782 in

290 3796 449 3857 Mulmsbury
467 3796 663 3846 Ethelwullrius.
698 3796 751 3845 The
776 3801 834 3846 ool.
870 3797 1241 3861 Rudborneeuyethuthewus

290 3866 374 3915 Suxon
386 3867 479 3916 L‘hron.
491 3872 570 3915 states
581 3866 635 3914 thot
645 3866 687 3914 the
700 3866 751 3916 lule
776 3867 893 3930 expelled
901 3868 1088 3930 hisbuhoprim
1096 3871 1242 3922 butWhur·

289 3936 319 3985 of
335 3935 423 3998 wight
440 3951 494 3984 wne
514 3938 588 3998 given
605 3941 631 3986 to
649 3936 701 3984 him
718 3937 751 3999 by
776 3942 827 3999 ton,
846 3937 902 3985 that
919 3937 951 3987 he
967 3940 1085 4001 resigned
1101 3941 1122 3990 it
1138 3942 1164 3990 iu
1181 3957 1242 3992 cou-

290 4006 516 4055 Wultheriinthis
526 4022 596 4066 year.
776 4022 900 4068 sequence
918 4008 947 4056 ol
963 4024 996 4058 uu
1018 4015 1059 4058 eet
1076 4009 1105 4057 of
1121 4012 1240 4074 inJ'ustice

325 4073 486 4135 ²Wilsridue
503 4076 624 4140 nomine]
644 4076 693 4125 For
709 4077 751 4125 the
776 4076 840 4126 done
858 4078 909 4126 him
928 4078 961 4140 by
973 4079 1143 4142 Cyneweulh;
1161 4083 1240 4145 Angl.

290 4144 750 4211 historyoswilsrid‚seeBeda,§22⁷.
777 4147 847 4196 Sucr.
859 4149 877 4196 i.
889 4163 915 4209 p.
930 4152 985 4199 lul.
1020 4151 1068 4200 See
1086 4151 1141 4200 eleo
1162 4153 1240 4217 Pagi,

325 4215 335 4244 ³
356 4216 504 4279 Agelbertus
530 4217 680 4280 episcopm]
709 4217 1044 4283 Heraclammone-t.
