2888 4852
402 424 540 472 enonas
564 424 829 472 nrs'ronrnnuu.
1023 407 1088 471 313

273 572 321 633 Do
336 571 506 636 inventione
521 573 635 658 capitis
648 573 748 637 nonni
763 571 956 636 Eodrnnndi.

191 694 277 758 Cum
305 696 413 776 igitur
440 704 520 778 post
552 698 755 780 martyrium
781 695 973 760 beatissimi
996 694 1087 778 rogis
1101 719 1214 771 numm
1228 721 1252 761 or

140 793 346 871 Eadmundi,
369 796 494 860 fratres
510 794 674 879 Hinguar
695 804 730 860 et
747 795 890 872 Hubba,
913 795 991 859 Deo
1013 795 1087 860 odi·
1100 771 1248 862 diffinio.

141 892 239 969 biles,
257 894 413 978 hyemale
436 905 571 978 tempus
594 897 630 960 in
653 897 793 977 regione
814 895 1087 978 Est-anglorum,

140 993 266 1074 praedis
284 1002 446 1057 vacantes
466 1003 501 1059 et
515 996 657 1077 rapinis,
667 995 743 1078 jam
766 1015 828 1078 pro
844 1003 943 1077 parte
967 994 1088 1077 exple·

140 1101 274 1168 verant,
305 1094 401 1157 venit
432 1094 558 1158 ibidem
587 1094 631 1158 ad
658 1114 717 1158 eos
741 1093 855 1177 Gytro
882 1094 1022 1176 quidam
1045 1094 1088 1158 de

139 1191 278 1272 regibus
310 1192 490 1257 Danomm
521 1194 794 1276 potentissimus,
821 1202 861 1259 ut
888 1213 965 1257 cum
997 1212 1087 1276 pree·

138 1290 240 1353 dictis
256 1291 419 1355 fratribus
435 1292 624 1375 hyemaret.
677 1293 947 1376 Superveniente
969 1293 1087 1377 itaque

139 1397 293 1472 tempore
310 1391 453 1468 vernali,
469 1412 587 1456 omnes
598 1391 728 1475 pagani
745 1394 789 1456 ab
808 1392 1009 1475 Est-anglia
1022 1411 1086 1475 pa·

140 1490 224 1553 riter
245 1500 485 1571 recesserunt;
516 1512 585 1574 quo
608 1492 740 1569 audito,
764 1491 952 1556 Christiani
976 1492 1084 1555 unde·

140 1609 275 1671 cunque
290 1590 332 1653 de
346 1590 500 1655 latibulis
516 1599 734 1673 erumpentes
753 1609 969 1673 summopere
991 1598 1086 1655 sata·

140 1689 281 1769 gebant,
307 1698 346 1754 ut
361 1699 465 1772 caput
481 1691 572 1754 beati
589 1691 680 1772 regis
698 1690 892 1755 Eadmundi
907 1691 1086 1754 inventum

140 1787 271 1869 reliquo
288 1790 423 1871 corpori
441 1790 608 1868 uniretur,
622 1796 658 1854 et
674 1789 862 1873 sepulturae
885 1808 1010 1872 corpus
1033 1790 1085 1852 in-

140 1894 275 1969 tegrum
301 1908 396 1951 more
420 1889 515 1970 regio
531 1889 751 1954 traderetur:
789 1889 946 1971 Cumque
967 1907 1086 1952 omnes

139 1987 215 2069 pari
239 1986 364 2051 affectu
390 1988 433 2051 ad
456 1989 491 2051 id
513 1995 736 2053 occurrerunt
762 1996 797 2053 et
820 1988 927 2052 silvas
952 1988 1086 2070 perlus-

139 2086 264 2150 trando
289 2095 394 2170 caput
419 2089 580 2172 martyris
606 2088 788 2170 diligenter
809 2094 1015 2169 quaererent,
1030 2106 1086 2151 ros

139 2186 287 2267 contigit
308 2186 403 2251 dictu
425 2188 591 2251 mirabilis
609 2195 644 2251 et
659 2187 785 2252 seculis
807 2186 982 2265 inaudita3
1005 2205 1085 2251 nam

139 2305 216 2349 cum
247 2294 352 2368 caput
384 2288 570 2369 quaerendo
602 2288 692 2351 inter
724 2287 831 2351 silvas
864 2293 900 2350 et
928 2287 1085 2369 veprium

140 2386 340 2462 densitates,
357 2387 441 2449 socii
458 2387 501 2450 ad
515 2388 628 2451 socios
650 2387 779 2450 mutuis
794 2386 1001 2451 clamoribus
1024 2404 1086 2468 pa·

142 2485 209 2548 tria
222 2485 342 2565 lingua
356 2487 382 2568 [‘
394 2485 464 2549 Ubi
479 2488 542 2551 est
557 2488 615 2551 ubi
625 2507 662 2551 es
671 2487 698 2551 l'
707 2486 971 2568 interrogarent,
981 2492 1087 2567 caput

140 2584 302 2665 martyris
324 2585 442 2649 eadem
466 2585 601 2667 lingua]
628 2586 839 2668 respondens
858 2585 959 2662 dixit,
976 2583 1086 2662 ‘Her,

140 2682 213 2759 ber,
240 2682 430 2766 ber,’quod
459 2684 582 2748 Latine
609 2684 747 2761 dicitur,
772 2684 876 2761 ‘Hic,
904 2683 972 2760 bic,
997 2682 1086 2762 bic;'

141 2802 204 2846 nec
222 2783 371 2846 cessavit
385 2782 505 2846 eadem
526 2785 712 2866 repetendo
737 2784 886 2847 clamare
904 2802 1086 2864 quousque

141 2881 296 2963 singulos
321 2881 364 2944 ad
390 2902 428 2945 se
451 2882 636 2964 perduxit3
659 2884 718 2946 ubi
738 2902 816 2945 cum
833 2882 947 2963 capite
970 2881 1085 2963 lupus,

139 2981 261 3062 ingens
283 2989 318 3045 ct
336 2982 413 3044 visu
435 2981 618 3058 horribilis,
634 2990 790 3064 repertus
815 2988 880 3057 est,
899 2980 958 3062 qui
980 2989 1087 3063 caput

140 3099 276 3143 sacrum
297 3081 387 3144 inter
403 3081 543 3145 brachia
562 3080 794 3165 complectens
816 3081 918 3144 beato
942 3079 1086 3162 martyri

139 3181 305 3243 excubias
333 3180 561 3262 impendebat.
622 3179 854 3243 Adsumentes
884 3179 1001 3260 itaque
1026 3178 1087 3241 bo-

140 3280 248 3342 mines
265 3288 370 3361 caput
392 3280 565 3361 intrepidi,
579 3280 728 3362 profusis
746 3279 822 3343 Deo
845 3278 1017 3354 laudibus,
1041 3278 1085 3341 ad

140 3397 240 3442 suum
264 3398 389 3460 corpus
412 3379 620 3456 detulerunt,
645 3380 875 3461 subsequente
899 3378 981 3460 lupo
1006 3376 1085 3440 illos

142 3497 251 3559 usque
278 3478 321 3541 ad
345 3479 459 3542 locum
482 3478 689 3562 sepulturae3
717 3485 799 3541 tunc
822 3485 926 3559 caput
950 3476 1086 3558 corpori

138 3578 388 3660 conjungentes
403 3579 439 3641 in
457 3578 632 3642 mausoleo
647 3577 855 3660 competenti
871 3575 939 3639 illa
956 3576 1086 3659 pariter

139 3676 393 3753 concluserunt,
412 3697 482 3759 quo
494 3677 598 3753 sacto,
616 3677 719 3759 lupus
739 3676 874 3740 dilectae
888 3674 1084 3739 solitudinis

139 3785 272 3841 secreta
286 3776 419 3859 petivit.
472 3775 682 3840 constructa
704 3783 765 3865 est
777 3783 892 3840 autem
911 3776 946 3838 in
964 3775 1082 3838 eodem

139 3874 228 3952 loco,
262 3875 480 3959 pauperrimo
513 3895 628 3957 opere,
651 3894 673 3939 a
699 3875 856 3938 fidelibus
892 3873 1086 3950 ecclesiola,

139 3975 197 4038 ubi
214 3969 363 4057 ¹postea,
379 3994 440 4056 per
461 3975 572 4039 multa
586 3994 754 4039 annorum
771 3973 943 4038 curricula
959 3991 1085 4054 corpus

173 4150 293 4212 ¹Postcn,
315 4165 360 4214 per
382 4153 458 4198 mutto
485 4120 601 4198 onmia
626 4144 842 4208 Edmund’s-bury
854 4147 913 4195 took
922 4145 1086 4207 placeintbe

138 4222 293 4284 conten]
329 4215 468 4269 Bromton’s
495 4224 602 4269 account
625 4220 684 4268 time
696 4218 725 4267 oi
730 4219 839 4278 Sweyn3
856 4231 972 4276 compare
983 4215 1053 4266 what
1063 4217 1086 4266 ie

140 4296 219 4344 etates
230 4290 284 4341 that
301 4291 340 4340 bie
357 4290 504 4340 nnnslation
521 4295 546 4338 to
564 4290 601 4339 St.
626 4290 725 4338 written
736 4288 817 4337 below
828 4287 854 4335 in
866 4289 937 4335 loll.
