2888 4852
384 413 522 464 enonas
546 413 814 462 ursrouuaou.
1030 397 1074 461 47

119 580 204 637 runt
217 571 323 636 etiam
340 573 385 637 od
403 592 483 636 eum
501 572 549 636 ibi
563 591 646 637 aves
669 571 894 636 multicoloris
916 571 1073 635 innume-

120 672 251 736 rabiles
276 681 316 739 nt
339 673 557 738 benediceret
579 691 652 751 eas,
682 690 773 754 quae,
797 671 843 736 ad
867 672 1075 754 interprete-

122 771 255 837 tionem
281 774 407 851 sancti,
430 772 630 855 significant
663 790 782 836 omnes
816 778 954 836 sanctos
987 771 1073 835 utri·

121 892 235 956 nsque
258 892 365 938 sexus
381 872 650 937 Hibernensium
669 872 848 956 pervenire
870 871 914 935 ad
937 890 1015 934 eum
1036 872 1072 936 in

122 971 180 1037 die
201 972 328 1058 judicii
355 973 401 1038 ad
432 981 566 1055 patrem
599 980 635 1037 et
663 973 867 1054 magistrum
891 991 1005 1049 suum,
1036 979 1073 1035 ut

122 1080 317 1156 sequantur
343 1073 441 1137 illum
476 1080 558 1138 unte
587 1073 714 1137 Deum.
774 1070 935 1150 Quatuor
962 1072 1073 1136 modis

122 1182 351 1256 coequentur
367 1166 503 1238 ¹Moses
522 1181 559 1236 et
581 1171 776 1252 Patricius3
799 1172 924 1255 primo,
946 1171 1073 1254 angelo

120 1274 189 1339 sibi
204 1273 422 1357 (alloquente
437 1274 474 1337 in
487 1273 574 1337 rubo
585 1272 688 1354 igneo
701 1293 711 1351 ;
726 1271 889 1349 secundo,
904 1273 940 1336 in
956 1278 1072 1336 monte

123 1373 360 1457 qnadraginta
378 1373 498 1438 diebus
517 1380 554 1437 et
566 1373 724 1437 noctibus
740 1371 935 1456 jejunavit;
957 1372 1073 1448 tertio,

123 1473 255 1539 similes
285 1473 426 1538 fuerunt
460 1479 565 1538 aetate
602 1479 741 1536 centum
770 1471 896 1553 viginti
925 1472 1072 1535 duorum

124 1592 317 1653 annorum;
351 1581 488 1656 quarto,
522 1572 605 1655 quia
643 1570 863 1654 sepulchrum
895 1572 972 1655 ejus
1002 1591 1072 1636 non

123 1674 312 1753 invenitur,
336 1673 398 1737 sed
425 1672 462 1737 in
484 1672 622 1738 occulto
650 1671 815 1736 humatus
839 1677 906 1748 est,
935 1671 1072 1736 nemine

123 1773 268 1838 sciente.
321 1772 366 1837 In
386 1773 535 1855 pueritia
556 1778 685 1849 autem,
707 1791 784 1836 cum
816 1778 907 1836 esset
932 1771 1072 1835 natione

121 1873 355 1939 Hibernensia
378 1892 401 1937 a
419 1880 532 1957 patre,
548 1892 627 1938 cum
649 1872 784 1936 duabus
805 1870 979 1936 sororibus
998 1872 1073 1935 suis

122 1975 160 2039 in
194 1973 349 2039 Scotiam
379 1972 541 2038 venditus
575 1979 630 2036 est
661 1972 798 2036 cuidam
835 1971 977 2050 homini,
1007 1971 1067 2053 qui

122 2068 279 2139 'Cuulcu
293 2074 485 2151 dicebatur,
501 2080 537 2136 et
553 2072 729 2155 porcarius
751 2071 844 2136 illius
862 2078 946 2136 erat.
999 2070 1071 2134 De·

123 2176 230 2258 nique
260 2174 407 2257 septimo
429 2173 562 2238 decimo
588 2172 703 2236 aetatis
732 2190 805 2235 suae
826 2190 917 2235 anno
945 2190 967 2234 a
989 2190 1072 2253 cap-

123 2275 264 2340 tivitate
286 2274 332 2339 ad
354 2274 504 2356 patriam
525 2291 624 2336 suam
650 2290 809 2336 reversus
836 2279 903 2348 est,
927 2279 964 2335 et
984 2279 1072 2335 nutu

124 2375 194 2441 Dei
216 2374 327 2439 sacris
358 2373 468 2439 literis
499 2372 667 2450 eruditus,
696 2379 802 2455 atque
827 2371 966 2435 tandem
997 2370 1071 2435 Ro-

122 2495 216 2540 mam
246 2474 402 2553 veniens,
436 2473 564 2538 ibidem
599 2482 733 2555 tempus
763 2490 862 2535 suum
891 2471 1070 2554 protrahe·

123 2577 185 2640 bat
209 2574 320 2640 donec
352 2573 518 2639 eruditior
541 2572 738 2648 haberetur,
763 2579 971 2654 sanctasque
992 2591 1070 2654 per·

122 2694 268 2740 currens
299 2674 490 2756 scripturas
520 2672 640 2737 divina
669 2673 834 2754 mysteria
862 2671 1069 2755 penetravit.

123 2776 288 2858 Dumque
321 2773 448 2838 ibidem
481 2779 685 2850 moraretur,
710 2772 836 2836 missus
870 2778 925 2835 est
951 2769 1069 2835 Palla-

122 2875 202 2940 dius
224 2875 409 2958 episcopua
430 2892 453 2937 a
481 2892 574 2956 papa
602 2871 789 2937 Caelestino
817 2870 861 2934 ed
888 2869 1011 2935 Scotos
1034 2870 1070 2934 in

122 2974 302 3040 Christum
322 2972 598 3052 convertendos3
625 2972 685 3055 qui
698 2972 841 3037 verbum
867 2971 935 3035 Dei
960 2971 1071 3053 primo

121 3077 160 3141 in
186 3074 305 3140 Scotia
326 3072 532 3157 predicans,
553 3072 693 3137 tandem
712 3070 930 3136 Britanniam
951 3090 1073 3153 perve-

123 3177 189 3254 nit,
206 3183 243 3239 et
256 3175 292 3237 in
309 3182 403 3239 terra
420 3172 595 3238 Pictorum
618 3170 801 3236 defunctus
823 3177 887 3234 est.
940 3168 1074 3234 Audita

122 3296 207 3341 vero
224 3280 335 3338 morte
350 3273 512 3351 Palladii,
531 3272 715 3350 Patricius,
732 3270 928 3336 Theodosio
943 3278 979 3335 et
996 3269 1070 3335 Va-

122 3374 316 3440 lentiniano
347 3372 608 3486 imperantibus,
637 3392 659 3436 a
694 3390 787 3454 papa
811 3370 999 3436 Caelestino
1027 3370 1071 3434 ad

123 3484 243 3563 partes
269 3473 432 3539 occiduas
457 3473 582 3536 missus
606 3479 672 3550 est,
694 3479 733 3536 ut
752 3470 918 3536 vexillum
941 3478 1072 3535 sanctae

122 3575 237 3641 crucis
250 3574 412 3656 gentibus
424 3572 638 3655 praedicaret.
691 3571 849 3654 Cumque
869 3571 913 3635 ad
933 3570 1072 3635 Britan-
1058 3586 1199 3676 -fugieun
1139 3636 1220 3676 Bm

124 3677 218 3740 niam
240 3673 466 3787 pervenisset,
487 3672 692 3756 praedicavit
707 3671 755 3736 ibi
772 3671 916 3735 verbum
934 3670 1014 3747 Dei,
1036 3676 1073 3735 et
1222 3662 1228 3675 '

123 3774 331 3859 agentibus
354 3773 506 3857 regionis
527 3773 621 3837 illius
640 3790 718 3836 cum
741 3771 869 3854 gaudio
893 3777 1106 3853 gratanter

122 3880 308 3958 susceptus
331 3882 394 3938 est.
446 3873 582 3937 Deinde
603 3870 647 3936 ad
670 3870 793 3936 scotos
817 3890 855 3934 se
880 3871 1072 3947 conserens,

159 4080 271 4131 ¹Mom
299 4084 324 4129 et
357 4073 514 4148 Patricia]
540 4079 588 4129 See
647 4075 784 4144 'Gentem
802 4095 831 4129 or
846 4080 956 4143 Milehu,
969 4080 1033 4141 king
1048 4080 1077 4128 ot

123 4154 178 4203 uiro
196 4151 294 4202 scholia
312 4150 407 4211 quoted
429 4150 463 4210 by
481 4149 588 4213 Umber,
614 4149 747 4211 Delraidc,
762 4152 788 4199 in
807 4150 918 4201 Irelaud.
953 4151 1013 4200 Act.
1027 4148 1074 4199 SS.

126 4221 406 4285 uenientem.
613 4220 801 4271 Mutum.
