2888 4852
348 413 414 479 340
605 427 737 475 nocem
762 427 808 473 nn
832 424 1040 474 wnunovnn

315 614 322 631 κ»
351 584 572 668 praedonibus
589 584 757 648 omnibus
770 581 983 659 interfectis3
1006 579 1067 643 sed
1089 579 1210 662 quiex
1225 576 1302 640 Da·

352 683 405 747 nis
428 683 473 747 ad
496 702 603 747 naves
624 683 744 764 lugere
769 688 968 764 potuerunt,
990 680 1115 745 iterum
1131 697 1209 742 cum
1225 674 1301 740 An·

352 782 419 864 glis
444 790 604 847 conserto
633 781 747 845 navali
779 781 912 863 praelio,
941 780 999 843 ubi
1026 773 1153 841 ¹Merci
1179 795 1300 840 somno

351 880 579 958 dormiebant,
606 881 720 945 occisa
740 886 793 943 est
819 880 930 943 exeis
953 878 1093 941 inermis
1114 874 1300 940 multitudo

352 987 387 1044 et
404 981 498 1045 Daui
515 982 664 1046 victores
678 1000 723 1043 ex
737 978 895 1042 hostibus
912 983 1139 1042 recesserunt.

485 1152 569 1215 Viciu
587 1151 694 1215 Ocroli
710 1150 908 1236 imperatorie
924 1149 961 1213 de
970 1148 1166 1234 peractorio.

403 1270 507 1337 Anno
522 1273 663 1337 Domini
681 1289 918 1337 occcuXXXV.
930 1266 1146 1354 ²Stephanns
1161 1271 1251 1334 sedit
1262 1272 1300 1333 in

352 1371 518 1437 cathedra
535 1371 696 1436 Romana
720 1373 820 1434 annis
841 1373 994 1454 quinque
1011 1377 1047 1435 et
1063 1370 1183 1434 diebus
1207 1377 1298 1434 octo.

353 1472 484 1536 Eodem
508 1490 598 1535 anno
624 1465 803 1547 ³(lar-olus,
833 1470 1001 1534 Ludovici
1028 1469 1132 1547 filins,
1160 1484 1320 1532 monar··

352 1569 465 1635 chiam
492 1570 626 1653 imperii
643 1569 880 1633 Romanorum
904 1578 940 1634 et
962 1569 1060 1649 regni
1087 1569 1298 1632 Francorum

352 1669 512 1760 adeptus,
528 1669 776 1745 admirabilem,
792 1686 895 1751 quam
912 1668 1011 1743 vidit,
1027 1669 1194 1732 visionem
1216 1686 1298 1730 con-

353 1769 487 1834 vocatis
511 1768 682 1850 episcopis
699 1775 734 1831 et
751 1768 849 1849 regni
872 1767 1042 1831 nobilibus
1059 1768 1095 1830 in
1113 1766 1204 1830 huuc
1224 1786 1298 1830 mo-

352 1867 435 1931 dum
451 1867 607 1945 detexit3
624 1867 691 1929 ‘In
706 1866 844 1930 nomine
858 1867 938 1943 Dei,
955 1867 1080 1929 summi
1098 1865 1207 1946 Regis
1224 1885 1298 1929 om-

354 1968 448 2031 niurn
468 1985 601 2048 regum,
614 1985 679 2047 ego
698 1965 857 2042 Carolus,
876 1985 939 2029 rex
956 1965 1167 2029 Francorum
1189 1972 1224 2029 et
1239 1984 1299 2047 pa·

354 2066 473 2130 tricius
492 2064 741 2141 Romanorum,
764 2083 863 2129 sacra
885 2070 986 2128 nocte
1003 2064 1196 2128 Dominicae
1219 2064 1299 2141 diei,

352 2172 433 2246 post
460 2171 665 2228 nocturnum
689 2163 836 2227 officium
858 2163 1082 2239 celebratum,
1108 2163 1189 2226 dum
1214 2163 1299 2226 irem

354 2263 507 2327 cubitum
535 2271 571 2327 et
598 2261 717 2326 vellem
740 2261 956 2327 dormitionis
983 2281 1107 2345 capere
1131 2282 1300 2341 somnum,

354 2362 450 2426 venit
459 2381 530 2424 vox
547 2360 590 2424 ad
602 2381 656 2425 me
671 2361 869 2425 terribiliter
883 2361 1176 2438 dicens,‘Carole,
1191 2363 1301 2427 exibit

354 2478 376 2523 a
398 2464 432 2524 te
454 2459 555 2523 modo
573 2460 715 2541 spiritus
733 2468 814 2524 tuus
829 2462 865 2523 in
887 2460 972 2524 hora
992 2480 1061 2525 non
1085 2460 1242 2537 modica,'
1264 2469 1301 2526 ct

353 2559 472 2622 statim
495 2566 616 2640 raptus
631 2558 680 2622 fui
695 2560 730 2621 in
746 2560 883 2641 spiritu,
903 2562 1013 2643 etqui
1031 2580 1085 2624 me
1106 2559 1247 2624 sustulit
1263 2560 1300 2623 in

353 2658 477 2740 spiritu
494 2657 561 2722 suit
577 2657 853 2735 candidissimus,
867 2660 1047 2742 tenuitque
1062 2659 1098 2722 in
1113 2678 1215 2722 manu
1236 2679 1300 2723 sua

354 2757 491 2839 glomus
506 2758 647 2834 lineum,
663 2757 843 2820 clarissimi
852 2758 959 2841 jubar
973 2758 1113 2821 luminis
1128 2759 1300 2837 emittens,

355 2857 446 2921 sicut
469 2857 583 2921 solent
600 2866 743 2921 cometae
765 2856 877 2920 facere
903 2878 1009 2940 quum
1032 2865 1212 2939 apparent,
1229 2877 1301 2922 coe·

354 2956 474 3040 pitque
495 2956 591 3019 illum
609 2955 809 3032 dissolvere,
824 2962 859 3020 et
874 2956 965 3021 dixit
986 2956 1030 3019 ad
1047 2977 1113 3033 me,
1127 2962 1137 2991 ‘
1151 2956 1300 3040 Adspice

355 3055 449 3119 filum
465 3055 628 3137 glomeris
652 3056 824 3131 micantis,
841 3075 882 3119 ac
903 3055 975 3137 liga
992 3064 1027 3120 et
1044 3057 1136 3120 noda
1158 3056 1301 3120 firmiter

354 3154 389 3216 in
404 3155 529 3236 pollice
543 3154 696 3218 dexterae
712 3173 834 3218 manus
852 3163 933 3231 tuae,
953 3154 1036 3237 qnia
1053 3174 1114 3238 per
1135 3155 1220 3219 illud
1236 3156 1300 3219 du·

354 3254 441 3316 ceris
456 3254 492 3315 in
506 3253 740 3335 labyrintheas
754 3253 964 3318 internorum
979 3253 1125 3336 poenas!
1162 3255 1219 3332 Et,
1235 3254 1300 3320 hoc

353 3351 458 3427 dicto,
485 3354 662 3435 praecessit
685 3373 740 3417 me
762 3353 927 3417 velociter
956 3352 1175 3435 distorquens
1204 3354 1299 3417 filum

352 3447 481 3513 luciflui
507 3451 681 3532 glomeris,
699 3459 735 3515 et
755 3452 857 3515 duxit
880 3471 934 3515 me
958 3451 994 3514 in
1016 3451 1301 3534 profundissimas

352 3547 460 3612 valles
474 3557 509 3613 et
524 3551 657 3631 igneas,
673 3569 752 3633 quae
768 3558 868 3615 erant
881 3552 992 3633 plenae
1009 3553 1123 3633 puteis
1149 3553 1300 3617 ardenti·

386 3771 394 3803 ¹
404 3773 505 3836 Merca]
518 3774 548 3823 h.
557 3774 604 3823 has
614 3771 720 3834 ‘inerti'
728 3775 812 3826 which
840 3773 946 3824 charles
957 3774 982 3824 le
993 3776 1070 3837 Grec,
1080 3790 1124 3824 son
1143 3778 1172 3827 oi
1186 3778 1265 3828 Iouis
1276 3780 1305 3829 of

349 3844 559 3905 probablyisthe
569 3848 626 3893 true
636 3846 750 3908 reading.
839 3844 957 3893 Bararia.
1003 3846 1057 3894 'l‘he
1084 3847 1165 3895 vision
1193 3846 1239 3896 has
1266 3850 1300 3910 hy

384 3939 559 4007 immam]
570 3944 688 4005 ,henam
700 3946 732 3995 he
743 3947 802 3996 died
837 3928 905 3962 some
923 3914 986 3962 been
1002 3916 1139 3964 attributed
1157 3921 1183 3964 to
1194 3918 1300 3968 Chalc,

348 4014 525 4134 irrep
709 3983 812 4079 ros
836 3982 1301 4118 attributum:

835 4138 861 4185 p.
875 4125 988 4182 160,and
999 4126 1025 4174 in
1033 4124 1076 4173 the
1087 4126 1176 4175 annnls
1183 4129 1300 4177 ascribed

383 4181 394 4213 ⁸
417 4186 528 4247 cmm,
558 4186 675 4236 Ltdm'ct'
703 4188 809 4254 filisa]
834 4192 959 4242 tohsoer.
