<?xml version="1.0" encoding="UTF-8"?>
<!DOCTYPE html PUBLIC "-//W3C//DTD XHTML 1.0 Transitional//EN"
    "http://www.w3.org/TR/xhtml1/DTD/xhtml1-transitional.dtd">
<html xmlns="http://www.w3.org/1999/xhtml" xml:lang="en" lang="en">
 <head>
  <title>
</title>
<meta http-equiv="Content-Type" content="text/html;charset=utf-8" />
  <meta name='ocr-system' content='tesseract 3.04.00' />
  <meta name='ocr-capabilities' content='ocr_page ocr_carea ocr_par ocr_line ocrx_word'/>
</head>
<body>
  <div class='ocr_page' id='page_1' title='image "./rogeridewendove04rogegoog_0053.png"; bbox 0 0 2888 4852; ppageno 0'>
   <div class='ocr_carea' id='block_1_1' title="bbox 336 397 1022 465">
    <p class='ocr_par' dir='ltr' id='par_1_1' title="bbox 336 397 1022 465">
     <span class='ocr_line' id='line_1_1' title="bbox 336 397 1022 465; baseline 0.009 -6"><span class='ocrx_word' id='word_1_1' title='bbox 336 397 378 459; x_wconf 83' lang='grc'>10</span> <span class='ocrx_word' id='word_1_2' title='bbox 583 414 717 463; x_wconf 82' lang='lat' dir='ltr'>uocum</span> <span class='ocrx_word' id='word_1_3' title='bbox 743 416 789 463; x_wconf 84' lang='lat' dir='ltr'>nu</span> <span class='ocrx_word' id='word_1_4' title='bbox 814 416 1022 465; x_wconf 80' lang='lat' dir='ltr'>wuunovuu</span> 
     </span>
    </p>
   </div>
   <div class='ocr_carea' id='block_1_2' title="bbox 393 645 1232 815">
    <p class='ocr_par' dir='ltr' id='par_1_2' title="bbox 393 645 1232 815">
     <span class='ocr_line' id='line_1_2' title="bbox 393 645 1232 735; baseline -0.002 -22"><span class='ocrx_word' id='word_1_5' title='bbox 393 648 435 713; x_wconf 87' lang='lat' dir='ltr'>Ut</span> <span class='ocrx_word' id='word_1_6' title='bbox 457 648 655 735; x_wconf 69' lang='lat' dir='ltr'>Vertiqereee</span> <span class='ocrx_word' id='word_1_7' title='bbox 669 670 723 713; x_wconf 80' lang='lat' dir='ltr'>reu</span> <span class='ocrx_word' id='word_1_8' title='bbox 737 647 783 713; x_wconf 86' lang='lat' dir='ltr'>ad</span> <span class='ocrx_word' id='word_1_9' title='bbox 796 645 905 712; x_wconf 75' lang='lat' dir='ltr'>belhen</span> <span class='ocrx_word' id='word_1_10' title='bbox 912 654 1098 732; x_wconf 76' lang='lat' dir='ltr'>provocatae</span> <span class='ocrx_word' id='word_1_11' title='bbox 1111 646 1232 712; x_wconf 73' lang='lat' dir='ltr'>cecilie</span> 
     </span>
     <span class='ocr_line' id='line_1_3' title="bbox 611 747 1011 815; baseline -0.013 0"><span class='ocrx_word' id='word_1_12' title='bbox 611 750 770 815; x_wconf 75' lang='lat' dir='ltr'>Scaeuam</span> <span class='ocrx_word' id='word_1_13' title='bbox 784 748 878 814; x_wconf 75' lang='lat' dir='ltr'>hostes</span> <span class='ocrx_word' id='word_1_14' title='bbox 892 747 1011 812; x_wconf 68' lang='lat' dir='ltr'>vicem.</span> 
     </span>
    </p>
   </div>
   <div class='ocr_carea' id='block_1_3' title="bbox 173 872 1298 958">
    <p class='ocr_par' dir='ltr' id='par_1_3' title="bbox 173 872 1298 958">
     <span class='ocr_line' id='line_1_4' title="bbox 173 872 1298 958; baseline 0.006 -29"><span class='ocrx_word' id='word_1_15' title='bbox 173 891 281 933; x_wconf 65' lang='lat' dir='ltr'>loeo.</span> <span class='ocrx_word' id='word_1_16' title='bbox 383 872 487 939; x_wconf 86' lang='lat' dir='ltr'>Anno</span> <span class='ocrx_word' id='word_1_17' title='bbox 518 876 642 958; x_wconf 86' lang='lat' dir='ltr'>gratiae</span> <span class='ocrx_word' id='word_1_18' title='bbox 673 890 795 951; x_wconf 72' lang='lat' dir='ltr'>eccon.</span> <span class='ocrx_word' id='word_1_19' title='bbox 824 880 905 955; x_wconf 88' lang='lat' dir='ltr'>post</span> <span class='ocrx_word' id='word_1_20' title='bbox 944 891 1117 937; x_wconf 80' lang='lat' dir='ltr'><strong>recessum</strong></span> <span class='ocrx_word' id='word_1_21' title='bbox 1154 872 1298 936; x_wconf 72' lang='lat' dir='ltr'>beatis·v</span> 
     </span>
    </p>
   </div>
   <div class='ocr_carea' id='block_1_4' title="bbox 172 944 360 988">
    <p class='ocr_par' dir='ltr' id='par_1_4' title="bbox 172 944 360 988">
     <span class='ocr_line' id='line_1_5' title="bbox 172 944 360 988; baseline 0.021 -10"><span class='ocrx_word' id='word_1_22' title='bbox 172 944 231 980; x_wconf 80' lang='lat' dir='ltr'>sectr</span> <span class='ocrx_word' id='word_1_23' title='bbox 239 944 282 982; x_wconf 73' lang='lat' dir='ltr'>end</span> <span class='ocrx_word' id='word_1_24' title='bbox 353 974 360 988; x_wconf 82' lang='lat'>.</span> 
     </span>
    </p>
   </div>
   <div class='ocr_carea' id='block_1_5' title="bbox 166 972 1370 3553">
    <p class='ocr_par' dir='ltr' id='par_1_5' title="bbox 166 972 1370 3553">
     <span class='ocr_line' id='line_1_6' title="bbox 170 972 1281 1082; baseline 0.004 -49"><span class='ocrx_word' id='word_1_25' title='bbox 170 991 297 1082; x_wconf 67' lang='lat' dir='ltr'>i¹l⁶l⁸⁵¹¹¹</span> <span class='ocrx_word' id='word_1_26' title='bbox 331 992 498 1038; x_wconf 77' lang='lat' dir='ltr'>simorum</span> <span class='ocrx_word' id='word_1_27' title='bbox 537 994 560 1038; x_wconf 91' lang='lat' dir='ltr'>a</span> <span class='ocrx_word' id='word_1_28' title='bbox 597 975 780 1039; x_wconf 77' lang='lat' dir='ltr'><strong>Britannia</strong></span> <span class='ocrx_word' id='word_1_29' title='bbox 812 972 1027 1056; x_wconf 85' lang='lat' dir='ltr'>pontificum,</span> <span class='ocrx_word' id='word_1_30' title='bbox 1064 979 1281 1054; x_wconf 71' lang='lat' dir='ltr'>emergentes</span> 
     </span>
     <span class='ocr_line' id='line_1_7' title="bbox 170 1053 1279 1156; baseline 0.008 -27"><span class='ocrx_word' id='word_1_31' title='bbox 170 1053 234 1132; x_wconf 56' lang='lat' dir='ltr'>uini.</span> <span class='ocrx_word' id='word_1_32' title='bbox 250 1054 311 1086; x_wconf 70' lang='lat'>&#39;¹⁰⁰¹&#39;</span> <span class='ocrx_word' id='word_1_33' title='bbox 332 1093 376 1138; x_wconf 85' lang='lat' dir='ltr'>ex</span> <span class='ocrx_word' id='word_1_34' title='bbox 409 1094 504 1140; x_wconf 89' lang='lat' dir='ltr'>more</span> <span class='ocrx_word' id='word_1_35' title='bbox 529 1074 625 1139; x_wconf 91' lang='lat' dir='ltr'>Seoti</span> <span class='ocrx_word' id='word_1_36' title='bbox 658 1094 737 1138; x_wconf 87' lang='lat' dir='ltr'>cum</span> <span class='ocrx_word' id='word_1_37' title='bbox 770 1073 879 1138; x_wconf 88' lang='lat' dir='ltr'>Pictis</span> <span class='ocrx_word' id='word_1_38' title='bbox 909 1092 955 1137; x_wconf 86' lang='lat' dir='ltr'>ex</span> <span class='ocrx_word' id='word_1_39' title='bbox 985 1073 1143 1156; x_wconf 84' lang='lat' dir='ltr'>partibus</span> <span class='ocrx_word' id='word_1_40' title='bbox 1178 1073 1279 1156; x_wconf 89' lang='lat' dir='ltr'>aqui·</span> 
     </span>
     <span class='ocr_line' id='line_1_8' title="bbox 331 1173 1280 1255; baseline 0 -17"><span class='ocrx_word' id='word_1_41' title='bbox 331 1174 421 1240; x_wconf 91' lang='lat' dir='ltr'>lonis</span> <span class='ocrx_word' id='word_1_42' title='bbox 442 1176 633 1239; x_wconf 83' lang='lat' dir='ltr'>exercitum</span> <span class='ocrx_word' id='word_1_43' title='bbox 658 1175 760 1239; x_wconf 88' lang='lat' dir='ltr'>nimis</span> <span class='ocrx_word' id='word_1_44' title='bbox 782 1174 946 1255; x_wconf 89' lang='lat' dir='ltr'>grandem</span> <span class='ocrx_word' id='word_1_45' title='bbox 969 1173 1203 1251; x_wconf 83' lang='lat' dir='ltr'>confecerunt,</span> <span class='ocrx_word' id='word_1_46' title='bbox 1225 1180 1280 1238; x_wconf 86' lang='lat' dir='ltr'>at-</span> 
     </span>
     <span class='ocr_line' id='line_1_9' title="bbox 330 1273 1277 1358; baseline -0.001 -20"><span class='ocrx_word' id='word_1_47' title='bbox 330 1294 398 1357; x_wconf 91' lang='lat' dir='ltr'>que</span> <span class='ocrx_word' id='word_1_48' title='bbox 432 1275 647 1358; x_wconf 76' lang='lat' dir='ltr'>aquilonales</span> <span class='ocrx_word' id='word_1_49' title='bbox 682 1274 806 1339; x_wconf 83' lang='lat' dir='ltr'>insulae</span> <span class='ocrx_word' id='word_1_50' title='bbox 840 1280 957 1357; x_wconf 90' lang='lat' dir='ltr'>partes</span> <span class='ocrx_word' id='word_1_51' title='bbox 986 1273 1169 1339; x_wconf 84' lang='lat' dir='ltr'>devastare</span> <span class='ocrx_word' id='word_1_52' title='bbox 1204 1292 1277 1337; x_wconf 87' lang='lat' dir='ltr'>coe·</span> 
     </span>
     <span class='ocr_line' id='line_1_10' title="bbox 329 1373 1353 1464; baseline -0.002 -25"><span class='ocrx_word' id='word_1_53' title='bbox 329 1382 478 1457; x_wconf 85' lang='lat' dir='ltr'>perunt;</span> <span class='ocrx_word' id='word_1_54' title='bbox 518 1376 611 1459; x_wconf 92' lang='lat' dir='ltr'>quod</span> <span class='ocrx_word' id='word_1_55' title='bbox 646 1376 705 1440; x_wconf 90' lang='lat' dir='ltr'>ubi</span> <span class='ocrx_word' id='word_1_56' title='bbox 736 1375 949 1456; x_wconf 88' lang='lat' dir='ltr'>Vortigerno</span> <span class='ocrx_word' id='word_1_57' title='bbox 990 1374 1188 1439; x_wconf 73' lang='lat' dir='ltr'>nunhatum</span> <span class='ocrx_word' id='word_1_58' title='bbox 1222 1373 1278 1437; x_wconf 85' lang='lat' dir='ltr'>fu·</span> <span class='ocrx_word' id='word_1_59' title='bbox 1347 1455 1353 1464; x_wconf 65' lang='lat'><em>„</em></span> 
     </span>
     <span class='ocr_line' id='line_1_11' title="bbox 327 1472 1276 1558; baseline 0 -21"><span class='ocrx_word' id='word_1_60' title='bbox 327 1473 425 1554; x_wconf 85' lang='lat' dir='ltr'>isset,</span> <span class='ocrx_word' id='word_1_61' title='bbox 457 1475 598 1558; x_wconf 81' lang='lat' dir='ltr'>collegit</span> <span class='ocrx_word' id='word_1_62' title='bbox 636 1476 776 1552; x_wconf 85' lang='lat' dir='ltr'>milites,</span> <span class='ocrx_word' id='word_1_63' title='bbox 808 1481 913 1556; x_wconf 89' lang='lat' dir='ltr'>atque</span> <span class='ocrx_word' id='word_1_64' title='bbox 947 1480 1045 1538; x_wconf 90' lang='lat' dir='ltr'>trans</span> <span class='ocrx_word' id='word_1_65' title='bbox 1078 1472 1276 1538; x_wconf 89' lang='lat' dir='ltr'>Humbrum</span> 
     </span>
     <span class='ocr_line' id='line_1_12' title="bbox 166 1571 1277 1684; baseline -0.003 -42"><span class='ocrx_word' id='word_1_66' title='bbox 166 1592 308 1684; x_wconf 49' lang='lat' dir='ltr'>gorgano</span> <span class='ocrx_word' id='word_1_67' title='bbox 327 1572 364 1637; x_wconf 94' lang='lat' dir='ltr'>in</span> <span class='ocrx_word' id='word_1_68' title='bbox 404 1577 543 1641; x_wconf 84' lang='lat' dir='ltr'>obviam</span> <span class='ocrx_word' id='word_1_69' title='bbox 579 1576 744 1659; x_wconf 89' lang='lat' dir='ltr'>perrexit.</span> <span class='ocrx_word' id='word_1_70' title='bbox 816 1573 893 1639; x_wconf 91' lang='lat' dir='ltr'>Nec</span> <span class='ocrx_word' id='word_1_71' title='bbox 933 1574 1079 1639; x_wconf 90' lang='lat' dir='ltr'>multum</span> <span class='ocrx_word' id='word_1_72' title='bbox 1121 1571 1277 1657; x_wconf 89' lang='lat' dir='ltr'>oportuit</span> 
     </span>
     <span class='ocr_line' id='line_1_13' title="bbox 191 1654 1275 1759; baseline 0 -20"><span class='ocrx_word' id='word_1_73' title='bbox 191 1654 203 1683; x_wconf 71' lang='lat'><strong>⁰</strong></span> <span class='ocrx_word' id='word_1_74' title='bbox 228 1656 301 1687; x_wconf 74' lang='lat'>&#39;¹⁰⁰¹&#39;</span> <span class='ocrx_word' id='word_1_75' title='bbox 327 1676 421 1741; x_wconf 88' lang='lat' dir='ltr'>cives</span> <span class='ocrx_word' id='word_1_76' title='bbox 445 1695 612 1759; x_wconf 88' lang='lat' dir='ltr'>pugnare,</span> <span class='ocrx_word' id='word_1_77' title='bbox 634 1695 714 1739; x_wconf 89' lang='lat' dir='ltr'>nam</span> <span class='ocrx_word' id='word_1_78' title='bbox 739 1674 909 1753; x_wconf 80' lang='lat' dir='ltr'>Saxones,</span> <span class='ocrx_word' id='word_1_79' title='bbox 934 1675 993 1758; x_wconf 91' lang='lat' dir='ltr'>qui</span> <span class='ocrx_word' id='word_1_80' title='bbox 1023 1675 1180 1753; x_wconf 91' lang='lat' dir='ltr'>aderant,</span> <span class='ocrx_word' id='word_1_81' title='bbox 1203 1683 1275 1739; x_wconf 87' lang='lat' dir='ltr'>tam</span> 
     </span>
     <span class='ocr_line' id='line_1_14' title="bbox 327 1775 1275 1860; baseline -0.003 -19"><span class='ocrx_word' id='word_1_82' title='bbox 327 1775 472 1841; x_wconf 85' lang='lat' dir='ltr'>viriliter</span> <span class='ocrx_word' id='word_1_83' title='bbox 499 1776 759 1860; x_wconf 85' lang='lat' dir='ltr'>praeliabuntur,</span> <span class='ocrx_word' id='word_1_84' title='bbox 782 1782 822 1839; x_wconf 91' lang='lat' dir='ltr'>ut</span> <span class='ocrx_word' id='word_1_85' title='bbox 844 1775 975 1853; x_wconf 87' lang='lat' dir='ltr'>hostes,</span> <span class='ocrx_word' id='word_1_86' title='bbox 1000 1776 1061 1858; x_wconf 93' lang='lat' dir='ltr'>qui</span> <span class='ocrx_word' id='word_1_87' title='bbox 1087 1776 1182 1858; x_wconf 89' lang='lat' dir='ltr'>prius</span> <span class='ocrx_word' id='word_1_88' title='bbox 1197 1776 1275 1839; x_wconf 87' lang='lat' dir='ltr'>vin·</span> 
     </span>
     <span class='ocr_line' id='line_1_15' title="bbox 326 1873 1274 1958; baseline 0.003 -20"><span class='ocrx_word' id='word_1_89' title='bbox 326 1894 404 1940; x_wconf 90' lang='lat' dir='ltr'>cere</span> <span class='ocrx_word' id='word_1_90' title='bbox 425 1876 596 1954; x_wconf 89' lang='lat' dir='ltr'>solebant,</span> <span class='ocrx_word' id='word_1_91' title='bbox 619 1877 694 1940; x_wconf 91' lang='lat' dir='ltr'>sine</span> <span class='ocrx_word' id='word_1_92' title='bbox 713 1894 810 1940; x_wconf 89' lang='lat' dir='ltr'>mora</span> <span class='ocrx_word' id='word_1_93' title='bbox 833 1873 869 1940; x_wconf 95' lang='lat' dir='ltr'>in</span> <span class='ocrx_word' id='word_1_94' title='bbox 895 1875 1013 1957; x_wconf 84' lang='lat' dir='ltr'>fugam</span> <span class='ocrx_word' id='word_1_95' title='bbox 1030 1875 1274 1958; x_wconf 86' lang='lat' dir='ltr'>propellerent.</span> 
     </span>
     <span class='ocr_line' id='line_1_16' title="bbox 326 1974 1275 2059; baseline 0.002 -20"><span class='ocrx_word' id='word_1_96' title='bbox 326 1974 558 2059; x_wconf 87' lang='lat' dir='ltr'>Vortigernus</span> <span class='ocrx_word' id='word_1_97' title='bbox 577 1995 661 2057; x_wconf 88' lang='lat' dir='ltr'>ergo</span> <span class='ocrx_word' id='word_1_98' title='bbox 685 1996 748 2059; x_wconf 89' lang='lat' dir='ltr'>per</span> <span class='ocrx_word' id='word_1_99' title='bbox 774 1975 853 2040; x_wconf 94' lang='lat' dir='ltr'>illos</span> <span class='ocrx_word' id='word_1_100' title='bbox 878 1974 1024 2041; x_wconf 86' lang='lat' dir='ltr'>victoria</span> <span class='ocrx_word' id='word_1_101' title='bbox 1041 1977 1186 2058; x_wconf 89' lang='lat' dir='ltr'>potitus,</span> <span class='ocrx_word' id='word_1_102' title='bbox 1213 1976 1275 2041; x_wconf 89' lang='lat' dir='ltr'>de·</span> 
     </span>
     <span class='ocr_line' id='line_1_17' title="bbox 325 2075 1271 2159; baseline 0.003 -21"><span class='ocrx_word' id='word_1_103' title='bbox 325 2075 424 2138; x_wconf 87' lang='lat' dir='ltr'>naria</span> <span class='ocrx_word' id='word_1_104' title='bbox 463 2095 528 2139; x_wconf 89' lang='lat' dir='ltr'>sua</span> <span class='ocrx_word' id='word_1_105' title='bbox 570 2075 750 2158; x_wconf 85' lang='lat' dir='ltr'>ampliavit</span> <span class='ocrx_word' id='word_1_106' title='bbox 785 2077 847 2154; x_wconf 91' lang='lat' dir='ltr'>eis,</span> <span class='ocrx_word' id='word_1_107' title='bbox 889 2083 995 2159; x_wconf 90' lang='lat' dir='ltr'>atque</span> <span class='ocrx_word' id='word_1_108' title='bbox 1033 2075 1114 2140; x_wconf 91' lang='lat' dir='ltr'>duci</span> <span class='ocrx_word' id='word_1_109' title='bbox 1151 2095 1271 2141; x_wconf 89' lang='lat' dir='ltr'>eorum</span> 
     </span>
     <span class='ocr_line' id='line_1_18' title="bbox 326 2170 1274 2259; baseline 0.003 -22"><span class='ocrx_word' id='word_1_110' title='bbox 326 2172 502 2256; x_wconf 86' lang='lat' dir='ltr'>Hengisto</span> <span class='ocrx_word' id='word_1_111' title='bbox 534 2175 630 2240; x_wconf 86' lang='lat' dir='ltr'>dedit</span> <span class='ocrx_word' id='word_1_112' title='bbox 660 2194 764 2256; x_wconf 88' lang='lat' dir='ltr'>agros</span> <span class='ocrx_word' id='word_1_113' title='bbox 793 2175 960 2259; x_wconf 87' lang='lat' dir='ltr'>plurimos</span> <span class='ocrx_word' id='word_1_114' title='bbox 994 2176 1031 2239; x_wconf 92' lang='lat' dir='ltr'>in</span> <span class='ocrx_word' id='word_1_115' title='bbox 1067 2170 1274 2241; x_wconf 85' lang='lat' dir='ltr'>¹Lindeseia</span> 
     </span>
     <span class='ocr_line' id='line_1_19' title="bbox 324 2275 1272 2359; baseline 0.005 -21"><span class='ocrx_word' id='word_1_116' title='bbox 324 2275 475 2357; x_wconf 82' lang='lat' dir='ltr'>regione,</span> <span class='ocrx_word' id='word_1_117' title='bbox 501 2276 626 2359; x_wconf 87' lang='lat' dir='ltr'>quihus</span> <span class='ocrx_word' id='word_1_118' title='bbox 651 2295 727 2340; x_wconf 87' lang='lat' dir='ltr'>sese</span> <span class='ocrx_word' id='word_1_119' title='bbox 756 2282 791 2339; x_wconf 90' lang='lat' dir='ltr'>et</span> <span class='ocrx_word' id='word_1_120' title='bbox 814 2277 1065 2341; x_wconf 85' lang='lat' dir='ltr'>commilitones</span> <span class='ocrx_word' id='word_1_121' title='bbox 1088 2297 1169 2341; x_wconf 88' lang='lat' dir='ltr'>suos</span> <span class='ocrx_word' id='word_1_122' title='bbox 1194 2297 1272 2343; x_wconf 84' lang='lat' dir='ltr'>sus·</span> 
     </span>
     <span class='ocr_line' id='line_1_20' title="bbox 323 2372 1270 2458; baseline 0.003 -20"><span class='ocrx_word' id='word_1_123' title='bbox 323 2381 485 2440; x_wconf 89' lang='lat' dir='ltr'>tentaret.</span> <span class='ocrx_word' id='word_1_124' title='bbox 537 2372 588 2440; x_wconf 87' lang='lat' dir='ltr'>At</span> <span class='ocrx_word' id='word_1_125' title='bbox 609 2374 816 2458; x_wconf 86' lang='lat' dir='ltr'>Hengistus,</span> <span class='ocrx_word' id='word_1_126' title='bbox 838 2395 916 2439; x_wconf 91' lang='lat' dir='ltr'>cum</span> <span class='ocrx_word' id='word_1_127' title='bbox 941 2384 1033 2441; x_wconf 90' lang='lat' dir='ltr'>esset</span> <span class='ocrx_word' id='word_1_128' title='bbox 1049 2376 1104 2441; x_wconf 90' lang='lat' dir='ltr'>vir</span> <span class='ocrx_word' id='word_1_129' title='bbox 1120 2385 1270 2454; x_wconf 87' lang='lat' dir='ltr'>astutus,</span> 
     </span>
     <span class='ocr_line' id='line_1_21' title="bbox 322 2476 1271 2559; baseline 0.002 -20"><span class='ocrx_word' id='word_1_130' title='bbox 322 2483 499 2559; x_wconf 89' lang='lat' dir='ltr'>comperta</span> <span class='ocrx_word' id='word_1_131' title='bbox 523 2476 677 2540; x_wconf 87' lang='lat' dir='ltr'>amicitia</span> <span class='ocrx_word' id='word_1_132' title='bbox 706 2476 799 2559; x_wconf 89' lang='lat' dir='ltr'>regis</span> <span class='ocrx_word' id='word_1_133' title='bbox 829 2477 942 2559; x_wconf 91' lang='lat' dir='ltr'>ipsum</span> <span class='ocrx_word' id='word_1_134' title='bbox 965 2477 1002 2540; x_wconf 90' lang='lat' dir='ltr'>in</span> <span class='ocrx_word' id='word_1_135' title='bbox 1027 2476 1118 2540; x_wconf 91' lang='lat' dir='ltr'>hunc</span> <span class='ocrx_word' id='word_1_136' title='bbox 1141 2496 1271 2541; x_wconf 87' lang='lat' dir='ltr'>sermo·</span> 
     </span>
     <span class='ocr_line' id='line_1_22' title="bbox 320 2575 1269 2659; baseline 0.003 -20"><span class='ocrx_word' id='word_1_137' title='bbox 320 2595 399 2639; x_wconf 88' lang='lat' dir='ltr'>nem</span> <span class='ocrx_word' id='word_1_138' title='bbox 421 2576 544 2655; x_wconf 88' lang='lat' dir='ltr'>adivit,</span> <span class='ocrx_word' id='word_1_139' title='bbox 572 2575 734 2641; x_wconf 89' lang='lat' dir='ltr'>‘Domine</span> <span class='ocrx_word' id='word_1_140' title='bbox 758 2577 817 2655; x_wconf 94' lang='lat' dir='ltr'>mi,</span> <span class='ocrx_word' id='word_1_141' title='bbox 842 2576 994 2659; x_wconf 91' lang='lat' dir='ltr'>undique</span> <span class='ocrx_word' id='word_1_142' title='bbox 1016 2575 1210 2659; x_wconf 87' lang='lat' dir='ltr'>inquietant</span> <span class='ocrx_word' id='word_1_143' title='bbox 1234 2586 1269 2643; x_wconf 89' lang='lat' dir='ltr'>te</span> 
     </span>
     <span class='ocr_line' id='line_1_23' title="bbox 320 2675 1268 2760; baseline 0.002 -21"><span class='ocrx_word' id='word_1_144' title='bbox 320 2675 449 2740; x_wconf 91' lang='lat' dir='ltr'>inimici</span> <span class='ocrx_word' id='word_1_145' title='bbox 473 2677 536 2755; x_wconf 93' lang='lat' dir='ltr'>tui,</span> <span class='ocrx_word' id='word_1_146' title='bbox 556 2688 662 2760; x_wconf 91' lang='lat' dir='ltr'>atque</span> <span class='ocrx_word' id='word_1_147' title='bbox 686 2677 863 2740; x_wconf 89' lang='lat' dir='ltr'>minantur</span> <span class='ocrx_word' id='word_1_148' title='bbox 884 2676 958 2755; x_wconf 92' lang='lat' dir='ltr'>tibi,</span> <span class='ocrx_word' id='word_1_149' title='bbox 983 2675 1170 2759; x_wconf 91' lang='lat' dir='ltr'>dicuntque</span> <span class='ocrx_word' id='word_1_150' title='bbox 1191 2695 1268 2741; x_wconf 88' lang='lat' dir='ltr'>sese</span> 
     </span>
     <span class='ocr_line' id='line_1_24' title="bbox 320 2773 1268 2842; baseline 0.001 -3"><span class='ocrx_word' id='word_1_151' title='bbox 320 2777 550 2842; x_wconf 89' lang='lat' dir='ltr'>conducturos</span> <span class='ocrx_word' id='word_1_152' title='bbox 573 2774 803 2842; x_wconf 87' lang='lat' dir='ltr'>Armoricano</span> <span class='ocrx_word' id='word_1_153' title='bbox 833 2782 946 2840; x_wconf 89' lang='lat' dir='ltr'>tractu</span> <span class='ocrx_word' id='word_1_154' title='bbox 976 2773 1156 2840; x_wconf 86' lang='lat' dir='ltr'>Aurelium</span> <span class='ocrx_word' id='word_1_155' title='bbox 1180 2774 1268 2840; x_wconf 85' lang='lat' dir='ltr'>Am·</span> 
     </span>
     <span class='ocr_line' id='line_1_25' title="bbox 319 2876 1268 2961; baseline -0.001 -23"><span class='ocrx_word' id='word_1_156' title='bbox 319 2876 484 2955; x_wconf 90' lang='lat' dir='ltr'>brosiom,</span> <span class='ocrx_word' id='word_1_157' title='bbox 508 2885 560 2955; x_wconf 92' lang='lat' dir='ltr'>ut,</span> <span class='ocrx_word' id='word_1_158' title='bbox 588 2884 623 2942; x_wconf 92' lang='lat' dir='ltr'>te</span> <span class='ocrx_word' id='word_1_159' title='bbox 649 2876 819 2961; x_wconf 89' lang='lat' dir='ltr'>deposito,</span> <span class='ocrx_word' id='word_1_160' title='bbox 840 2877 953 2958; x_wconf 92' lang='lat' dir='ltr'>ipsum</span> <span class='ocrx_word' id='word_1_161' title='bbox 979 2876 1015 2939; x_wconf 93' lang='lat' dir='ltr'>in</span> <span class='ocrx_word' id='word_1_162' title='bbox 1038 2895 1154 2959; x_wconf 88' lang='lat' dir='ltr'>regem</span> <span class='ocrx_word' id='word_1_163' title='bbox 1185 2896 1268 2959; x_wconf 73' lang='lat' dir='ltr'>pro·</span> 
     </span>
     <span class='ocr_line' id='line_1_26' title="bbox 318 2976 1266 3060; baseline 0.001 -21"><span class='ocrx_word' id='word_1_164' title='bbox 318 2985 493 3042; x_wconf 85' lang='lat' dir='ltr'>moveant.</span> <span class='ocrx_word' id='word_1_165' title='bbox 538 2976 576 3041; x_wconf 92' lang='lat' dir='ltr'>Si</span> <span class='ocrx_word' id='word_1_166' title='bbox 600 2976 715 3060; x_wconf 87' lang='lat' dir='ltr'>placet</span> <span class='ocrx_word' id='word_1_167' title='bbox 738 2995 835 3058; x_wconf 90' lang='lat' dir='ltr'>ergo,</span> <span class='ocrx_word' id='word_1_168' title='bbox 852 2976 1030 3040; x_wconf 87' lang='lat' dir='ltr'>mittamus</span> <span class='ocrx_word' id='word_1_169' title='bbox 1055 2976 1091 3039; x_wconf 94' lang='lat' dir='ltr'>in</span> <span class='ocrx_word' id='word_1_170' title='bbox 1116 2976 1266 3058; x_wconf 89' lang='lat' dir='ltr'>patriam</span> 
     </span>
     <span class='ocr_line' id='line_1_27' title="bbox 318 3075 1370 3149; baseline 0.006 -12"><span class='ocrx_word' id='word_1_171' title='bbox 318 3085 473 3142; x_wconf 89' lang='lat' dir='ltr'>nostram</span> <span class='ocrx_word' id='word_1_172' title='bbox 496 3085 532 3142; x_wconf 91' lang='lat' dir='ltr'>et</span> <span class='ocrx_word' id='word_1_173' title='bbox 554 3078 740 3143; x_wconf 84' lang='lat' dir='ltr'>invitemus</span> <span class='ocrx_word' id='word_1_174' title='bbox 762 3096 807 3141; x_wconf 90' lang='lat' dir='ltr'>ex</span> <span class='ocrx_word' id='word_1_175' title='bbox 830 3095 872 3139; x_wconf 88' lang='lat' dir='ltr'>ea</span> <span class='ocrx_word' id='word_1_176' title='bbox 892 3075 1020 3140; x_wconf 87' lang='lat' dir='ltr'>milites</span> <span class='ocrx_word' id='word_1_177' title='bbox 1041 3083 1081 3140; x_wconf 90' lang='lat' dir='ltr'>ut</span> <span class='ocrx_word' id='word_1_178' title='bbox 1104 3096 1266 3143; x_wconf 88' lang='lat' dir='ltr'>numerus</span> <span class='ocrx_word' id='word_1_179' title='bbox 1368 3145 1370 3149; x_wconf 79' lang='grc'>,</span> 
     </span>
     <span class='ocr_line' id='line_1_28' title="bbox 318 3175 1266 3260; baseline 0.005 -22"><span class='ocrx_word' id='word_1_180' title='bbox 318 3184 437 3241; x_wconf 87' lang='lat' dir='ltr'>noster</span> <span class='ocrx_word' id='word_1_181' title='bbox 451 3175 643 3260; x_wconf 62' lang='lat' dir='ltr'>augeatur?</span> <span class='ocrx_word' id='word_1_182' title='bbox 688 3176 768 3240; x_wconf 86' lang='lat' dir='ltr'>Rex</span> <span class='ocrx_word' id='word_1_183' title='bbox 786 3177 904 3259; x_wconf 87' lang='lat' dir='ltr'>itaque</span> <span class='ocrx_word' id='word_1_184' title='bbox 928 3175 1082 3260; x_wconf 90' lang='lat' dir='ltr'>ejusdem</span> <span class='ocrx_word' id='word_1_185' title='bbox 1105 3178 1266 3258; x_wconf 89' lang='lat' dir='ltr'>petitioni</span> 
     </span>
     <span class='ocr_line' id='line_1_29' title="bbox 319 3275 1266 3359; baseline 0.004 -20"><span class='ocrx_word' id='word_1_186' title='bbox 319 3276 543 3359; x_wconf 81' lang='lat' dir='ltr'>adquiescens</span> <span class='ocrx_word' id='word_1_187' title='bbox 574 3277 740 3359; x_wconf 79' lang='lat' dir='ltr'>praecepit</span> <span class='ocrx_word' id='word_1_188' title='bbox 770 3275 947 3358; x_wconf 86' lang='lat' dir='ltr'>Hengisto</span> <span class='ocrx_word' id='word_1_189' title='bbox 977 3277 1013 3339; x_wconf 91' lang='lat' dir='ltr'>in</span> <span class='ocrx_word' id='word_1_190' title='bbox 1043 3275 1266 3342; x_wconf 87' lang='lat' dir='ltr'>Germaniam</span> 
     </span>
     <span class='ocr_line' id='line_1_30' title="bbox 318 3375 1266 3453; baseline 0.005 -16"><span class='ocrx_word' id='word_1_191' title='bbox 318 3375 521 3453; x_wconf 71' lang='lat' dir='ltr'>mitterent</span> <span class='ocrx_word' id='word_1_192' title='bbox 540 3377 666 3441; x_wconf 91' lang='lat' dir='ltr'>milites</span> <span class='ocrx_word' id='word_1_193' title='bbox 687 3395 732 3440; x_wconf 90' lang='lat' dir='ltr'>ex</span> <span class='ocrx_word' id='word_1_194' title='bbox 746 3395 789 3440; x_wconf 92' lang='lat' dir='ltr'>ea</span> <span class='ocrx_word' id='word_1_195' title='bbox 805 3376 945 3440; x_wconf 90' lang='lat' dir='ltr'>invitati</span> <span class='ocrx_word' id='word_1_196' title='bbox 968 3375 1128 3439; x_wconf 86' lang='lat' dir='ltr'>festinum</span> <span class='ocrx_word' id='word_1_197' title='bbox 1152 3377 1266 3442; x_wconf 83' lang='lat' dir='ltr'>adfer·</span> 
     </span>
     <span class='ocr_line' id='line_1_31' title="bbox 317 3474 1263 3553; baseline 0.007 -16"><span class='ocrx_word' id='word_1_198' title='bbox 317 3481 394 3538; x_wconf 90' lang='lat' dir='ltr'>rent</span> <span class='ocrx_word' id='word_1_199' title='bbox 419 3476 598 3541; x_wconf 85' lang='lat' dir='ltr'>auxilium.</span> <span class='ocrx_word' id='word_1_200' title='bbox 645 3476 721 3540; x_wconf 90' lang='lat' dir='ltr'>Nec</span> <span class='ocrx_word' id='word_1_201' title='bbox 741 3495 849 3553; x_wconf 90' lang='lat' dir='ltr'>mora,</span> <span class='ocrx_word' id='word_1_202' title='bbox 872 3475 967 3540; x_wconf 88' lang='lat' dir='ltr'>missi</span> <span class='ocrx_word' id='word_1_203' title='bbox 989 3476 1025 3538; x_wconf 93' lang='lat' dir='ltr'>iu</span> <span class='ocrx_word' id='word_1_204' title='bbox 1040 3474 1263 3543; x_wconf 87' lang='lat' dir='ltr'>Germaniam</span> 
     </span>
    </p>
   </div>
   <div class='ocr_carea' id='block_1_6' title="bbox 316 3574 1263 3660">
    <p class='ocr_par' dir='ltr' id='par_1_6' title="bbox 316 3574 1263 3660">
     <span class='ocr_line' id='line_1_32' title="bbox 316 3574 1263 3660; baseline 0.005 -22"><span class='ocrx_word' id='word_1_205' title='bbox 316 3574 490 3658; x_wconf 90' lang='lat' dir='ltr'>legatione</span> <span class='ocrx_word' id='word_1_206' title='bbox 514 3576 628 3641; x_wconf 89' lang='lat' dir='ltr'>nuntii</span> <span class='ocrx_word' id='word_1_207' title='bbox 651 3584 932 3660; x_wconf 88' lang='lat' dir='ltr'>revertentesque</span> <span class='ocrx_word' id='word_1_208' title='bbox 949 3575 1125 3641; x_wconf 81' lang='lat' dir='ltr'>duxeruut</span> <span class='ocrx_word' id='word_1_209' title='bbox 1147 3597 1263 3643; x_wconf 90' lang='lat' dir='ltr'>secum</span> 
     </span>
    </p>
   </div>
   <div class='ocr_carea' id='block_1_7' title="bbox 311 3871 1264 4148">
    <p class='ocr_par' dir='ltr' id='par_1_7' title="bbox 311 3871 1264 4148">
     <span class='ocr_line' id='line_1_33' title="bbox 350 3871 1264 3941; baseline 0.007 -17"><span class='ocrx_word' id='word_1_210' title='bbox 350 3871 358 3905; x_wconf 93' lang='lat'>¹</span> <span class='ocrx_word' id='word_1_211' title='bbox 382 3874 544 3938; x_wconf 62' lang='lat' dir='ltr'>Lindeniu]</span> <span class='ocrx_word' id='word_1_212' title='bbox 576 3875 721 3938; x_wconf 82' lang='lat' dir='ltr'>According</span> <span class='ocrx_word' id='word_1_213' title='bbox 748 3881 774 3925; x_wconf 91' lang='lat' dir='ltr'>to</span> <span class='ocrx_word' id='word_1_214' title='bbox 798 3889 853 3925; x_wconf 81' lang='lat' dir='ltr'>was</span> <span class='ocrx_word' id='word_1_215' title='bbox 881 3875 964 3925; x_wconf 86' lang='lat' dir='ltr'>called</span> <span class='ocrx_word' id='word_1_216' title='bbox 987 3874 1094 3938; x_wconf 82' lang='lat' dir='ltr'>Thuang</span> <span class='ocrx_word' id='word_1_217' title='bbox 1118 3883 1211 3941; x_wconf 80' lang='lat' dir='ltr'>caetra,</span> <span class='ocrx_word' id='word_1_218' title='bbox 1234 3897 1264 3932; x_wconf 83' lang='lat' dir='ltr'>or</span> 
     </span>
     <span class='ocr_line' id='line_1_34' title="bbox 314 3945 1260 4014; baseline 0.001 -18"><span class='ocrx_word' id='word_1_219' title='bbox 314 3945 433 4006; x_wconf 81' lang='lat' dir='ltr'>Geofl&#39;rey</span> <span class='ocrx_word' id='word_1_220' title='bbox 447 3945 476 3993; x_wconf 79' lang='lat' dir='ltr'>of</span> <span class='ocrx_word' id='word_1_221' title='bbox 486 3945 643 4003; x_wconf 83' lang='lat' dir='ltr'>Moumouth,</span> <span class='ocrx_word' id='word_1_222' title='bbox 655 3946 774 4009; x_wconf 80' lang='lat' dir='ltr'>Wyrtge·</span> <span class='ocrx_word' id='word_1_223' title='bbox 798 3947 989 4009; x_wconf 74' lang='lat' dir='ltr'>Thongeuster.</span> <span class='ocrx_word' id='word_1_224' title='bbox 1010 3946 1078 3995; x_wconf 86' lang='lat' dir='ltr'>Hist.</span> <span class='ocrx_word' id='word_1_225' title='bbox 1087 3947 1152 3996; x_wconf 78' lang='lat' dir='ltr'>Bri‘.</span> <span class='ocrx_word' id='word_1_226' title='bbox 1161 3950 1260 4014; x_wconf 79' lang='lat' dir='ltr'>vi.cnp.</span> 
     </span>
     <span class='ocr_line' id='line_1_35' title="bbox 312 4015 1262 4083; baseline 0.005 -19"><span class='ocrx_word' id='word_1_227' title='bbox 312 4031 371 4065; x_wconf 90' lang='lat' dir='ltr'>orne</span> <span class='ocrx_word' id='word_1_228' title='bbox 383 4031 447 4079; x_wconf 82' lang='lat' dir='ltr'>gave</span> <span class='ocrx_word' id='word_1_229' title='bbox 460 4015 576 4077; x_wconf 86' lang='lat' dir='ltr'>Hengest</span> <span class='ocrx_word' id='word_1_230' title='bbox 587 4030 615 4064; x_wconf 85' lang='lat' dir='ltr'>so</span> <span class='ocrx_word' id='word_1_231' title='bbox 626 4017 702 4064; x_wconf 90' lang='lat' dir='ltr'>much</span> <span class='ocrx_word' id='word_1_232' title='bbox 714 4016 773 4065; x_wconf 84' lang='lat' dir='ltr'>land</span> <span class='ocrx_word' id='word_1_233' title='bbox 800 4020 839 4065; x_wconf 92' lang='lat' dir='ltr'>ll.</span> <span class='ocrx_word' id='word_1_234' title='bbox 852 4017 878 4065; x_wconf 93' lang='lat' dir='ltr'>It</span> <span class='ocrx_word' id='word_1_235' title='bbox 888 4031 943 4065; x_wconf 77' lang='lat' dir='ltr'>was</span> <span class='ocrx_word' id='word_1_236' title='bbox 954 4016 1074 4077; x_wconf 86' lang='lat' dir='ltr'>situated,</span> <span class='ocrx_word' id='word_1_237' title='bbox 1088 4019 1224 4083; x_wconf 83' lang='lat' dir='ltr'>according</span> <span class='ocrx_word' id='word_1_238' title='bbox 1236 4028 1262 4072; x_wconf 86' lang='lat' dir='ltr'>to</span> 
     </span>
     <span class='ocr_line' id='line_1_36' title="bbox 311 4085 1260 4148; baseline 0.007 -13"><span class='ocrx_word' id='word_1_239' title='bbox 311 4101 341 4135; x_wconf 86' lang='lat' dir='ltr'>as</span> <span class='ocrx_word' id='word_1_240' title='bbox 359 4087 390 4135; x_wconf 88' lang='lat' dir='ltr'>he</span> <span class='ocrx_word' id='word_1_241' title='bbox 403 4085 479 4135; x_wconf 90' lang='lat' dir='ltr'>could</span> <span class='ocrx_word' id='word_1_242' title='bbox 496 4100 645 4148; x_wconf 84' lang='lat' dir='ltr'>eucompues</span> <span class='ocrx_word' id='word_1_243' title='bbox 660 4087 721 4135; x_wconf 87' lang='lat' dir='ltr'>with</span> <span class='ocrx_word' id='word_1_244' title='bbox 741 4102 773 4135; x_wconf 88' lang='lat' dir='ltr'>an</span> <span class='ocrx_word' id='word_1_245' title='bbox 798 4086 920 4148; x_wconf 78' lang='lat' dir='ltr'>camden,</span> <span class='ocrx_word' id='word_1_246' title='bbox 942 4086 1020 4135; x_wconf 87' lang='lat' dir='ltr'>about</span> <span class='ocrx_word' id='word_1_247' title='bbox 1041 4088 1081 4135; x_wconf 78' lang='lat' dir='ltr'>sir</span> <span class='ocrx_word' id='word_1_248' title='bbox 1103 4089 1175 4140; x_wconf 87' lang='lat' dir='ltr'>miles</span> <span class='ocrx_word' id='word_1_249' title='bbox 1197 4092 1260 4142; x_wconf 75' lang='lat' dir='ltr'>imm</span> 
     </span>
    </p>
   </div>
   <div class='ocr_carea' id='block_1_8' title="bbox 310 4156 927 4277">
    <p class='ocr_par' dir='ltr' id='par_1_8' title="bbox 310 4156 927 4277">
     <span class='ocr_line' id='line_1_37' title="bbox 310 4156 927 4219; baseline 0.003 -15"><span class='ocrx_word' id='word_1_250' title='bbox 310 4157 365 4205; x_wconf 86' lang='lat' dir='ltr'>ox&#39;s</span> <span class='ocrx_word' id='word_1_251' title='bbox 384 4157 443 4205; x_wconf 91' lang='lat' dir='ltr'>hide</span> <span class='ocrx_word' id='word_1_252' title='bbox 465 4161 508 4204; x_wconf 90' lang='lat' dir='ltr'>cul</span> <span class='ocrx_word' id='word_1_253' title='bbox 531 4157 556 4204; x_wconf 90' lang='lat' dir='ltr'>iu</span> <span class='ocrx_word' id='word_1_254' title='bbox 579 4156 652 4204; x_wconf 83' lang='lat' dir='ltr'>small</span> <span class='ocrx_word' id='word_1_255' title='bbox 674 4157 774 4217; x_wconf 86' lang='lat' dir='ltr'>thongs,</span> <span class='ocrx_word' id='word_1_256' title='bbox 798 4157 927 4219; x_wconf 86' lang='lat' dir='ltr'>Grimshy.</span> 
     </span>
     <span class='ocr_line' id='line_1_38' title="bbox 311 4225 773 4277; baseline 0.004 -3"><span class='ocrx_word' id='word_1_257' title='bbox 311 4226 414 4276; x_wconf 86' lang='lat' dir='ltr'>whence</span> <span class='ocrx_word' id='word_1_258' title='bbox 426 4226 468 4276; x_wconf 88' lang='lat' dir='ltr'>the</span> <span class='ocrx_word' id='word_1_259' title='bbox 480 4226 558 4277; x_wconf 78' lang='lat' dir='ltr'>custlc</span> <span class='ocrx_word' id='word_1_260' title='bbox 570 4225 653 4276; x_wconf 86' lang='lat' dir='ltr'>which</span> <span class='ocrx_word' id='word_1_261' title='bbox 664 4225 696 4276; x_wconf 88' lang='lat' dir='ltr'>he</span> <span class='ocrx_word' id='word_1_262' title='bbox 708 4227 773 4276; x_wconf 87' lang='lat' dir='ltr'>built</span> 
     </span>
    </p>
   </div>
   <div class='ocr_carea' id='block_1_9' title="bbox 0 0 1448 4852">
    <p class='ocr_par' dir='ltr' id='par_1_9' title="bbox 0 0 1448 4852">
     <span class='ocr_line' id='line_1_39' title="bbox 0 0 1448 4852; baseline 0 8"><span class='ocrx_word' id='word_1_263' title='bbox 0 0 1448 4852; x_wconf 95' lang='lat' dir='ltr'> </span> 
     </span>
    </p>
   </div>
  </div>
 </body>
</html>
