2888 4852
376 397 420 459 44
630 412 763 461 nocem
788 413 835 461 ne
858 411 1065 462 wnunovsn

376 567 493 633 debito
516 571 685 634 venerari.
737 569 837 635 Tunc
861 569 1045 647 Merlinus,
1070 566 1326 651 aliquantulum

377 668 413 731 in
435 671 548 733 extasi
571 671 697 734 mentis
725 671 871 752 positus,
897 669 1035 735 tandem
1061 667 1250 752 respondit,
1272 666 1325 730 di-

377 787 472 846 cens,
486 768 544 833 ‘Si
561 770 724 847 volueris,
738 770 876 834 domine
888 769 936 833 mi
949 789 1024 847 rex,
1039 788 1142 852 opere
1157 774 1326 850 perpetuo

376 868 589 951 sepulturam
603 870 778 947 decorare,
787 871 886 935 mitte
901 889 964 952 pro
975 863 1117 933 ¹cborea
1130 868 1326 950 gigantum,

217 988 357 1040 senonense.
377 987 456 1050 qnae
477 977 532 1032 est
549 971 586 1033 in
601 962 794 1047 ²Killarao,
809 977 927 1034 monte
949 968 1140 1046 Hiberniae,
1155 967 1214 1031 ubi
1243 966 1324 1032 talis

377 1075 431 1132 est
451 1068 604 1150 lepidum
627 1076 802 1133 structura
819 1069 957 1153 qualem
984 1087 1084 1133 nemo
1107 1067 1213 1150 hujus
1237 1073 1323 1131 aeta-

376 1168 422 1231 tis
447 1168 557 1232 oculis
585 1169 776 1252 prospexit.
828 1167 987 1259 Grandes
1002 1175 1100 1232 sunt
1132 1166 1265 1248 lapides
1287 1174 1324 1230 et

376 1267 579 1332 mirabiliter
596 1268 768 1347 collocati,
789 1267 863 1350 qni,
880 1269 910 1332 si
924 1288 965 1333 eo
981 1267 1083 1332 modo
1106 1266 1162 1330 hic
1183 1285 1252 1348 qno
1273 1267 1323 1329 ibi

378 1374 461 1431 sunt
485 1368 590 1448 positi
620 1368 727 1433 locati
752 1369 892 1445 suerint,
914 1370 1057 1433 stabunt
1084 1367 1120 1430 in
1142 1373 1322 1444 aeternnm,

377 1474 413 1530 et
439 1467 695 1532 memorabilem
719 1467 847 1532 facient
876 1466 1114 1550 sepulturam.'
1164 1462 1221 1529 Ad
1248 1465 1323 1530 brec

377 1564 543 1630 Aurelius
554 1568 589 1630 in
599 1567 671 1631 risu
682 1567 815 1632 solutus
826 1567 976 1632 Merlino
987 1564 1323 1650 respondit,‘Nnm-

377 1665 459 1747 quid
484 1665 618 1748 lapides
644 1666 824 1730 Hiberniae
852 1666 1011 1731 meliores
1042 1673 1124 1731 sunt
1148 1664 1322 1747 lapidibus

376 1765 477 1829 istius
497 1767 660 1848 regionis,
683 1774 723 1830 ut
740 1787 785 1830 ex
802 1775 874 1831 tam
895 1765 1086 1849 longinquo
1109 1765 1153 1829 ad
1180 1764 1323 1830 Britan·

376 1866 470 1928 niam
500 1865 752 1931 veherenturl’
803 1863 859 1930 Ad
893 1886 995 1948 quem
1026 1864 1208 1942 Merlinus,
1240 1863 1322 1929 ‘Ne

377 1984 518 2042 vanum,
533 1984 609 2043 rex,
623 1985 763 2030 movens
780 1966 886 2030 risum
900 1986 908 2046 ;
926 1984 1007 2029 nem
1020 1964 1158 2049 mystici
1173 1972 1256 2028 sunt
1269 1965 1322 2028 la-

377 2063 488 2145 pides,
501 2072 538 2127 et
558 2065 603 2128 ad
619 2064 758 2129 diversa
774 2065 1023 2130 medicamenta
1044 2065 1211 2129 salubres.
1257 2062 1322 2128 Gi·

376 2170 501 2244 gentes
517 2183 577 2228 eos
594 2164 675 2228 olim
691 2164 964 2247 adportaverunt
981 2185 1025 2230 ex
1042 2164 1172 2229 ultimis
1194 2163 1321 2228 finibus

378 2260 505 2327 Africae
528 2264 678 2353 regionis
694 2264 777 2343 illic,
795 2272 834 2329 ut
853 2264 977 2328 balnea
991 2264 1082 2328 inira
1097 2265 1192 2346 ipsos
1213 2263 1321 2328 conti-

375 2371 505 2441 cerent,
540 2383 618 2428 cum
650 2364 757 2428 variis
788 2364 1047 2429 infirmitatibus
1079 2371 1321 2446 gravarentur.

375 2460 559 2527 Levabent
584 2483 733 2546 namque
751 2463 885 2547 lapides
912 2483 988 2527 cum
1006 2463 1112 2527 variis
1137 2462 1320 2526 herbarum

374 2561 646 2629 consectionibus
666 2572 701 2627 et
723 2563 915 2628 fundebant
937 2564 973 2627 in
995 2563 1131 2641 balnea,
1144 2562 1237 2627 unde
1258 2582 1318 2626 cn·

376 2662 543 2726 rebantur
574 2664 721 2745 aegroti3
744 2683 809 2727 nec
838 2672 892 2728 est
920 2663 969 2727 ibi
996 2662 1086 2746 lepis
1117 2663 1178 2745 qni
1200 2671 1320 2728 careat

217 2781 349 2872 mperes}
375 2761 568 2825 medicina!
633 2762 791 2845 Cumque
818 2763 893 2827 baec
929 2762 1106 2827 audissent
1142 2762 1319 2841 Britones‚

216 2835 334 2922 bellm
375 2880 438 2943 pro
460 2860 633 2944 lapidibus
657 2861 793 2927 mittere
811 2863 1056 2942 decreverunt3
1079 2860 1219 2943 eligitur
1235 2882 1320 2944 ergo

376 2960 465 3026 Uter
490 2961 597 3027 frater
620 2964 724 3044 regis,
751 2981 829 3025 cum
854 2962 1050 3045 quindecim
1081 2961 1232 3025 millibus
1262 2980 1319 3026 ar·

373 3069 559 3139 matorum,
581 3063 654 3144 qui,
670 3062 701 3125 si
726 3063 770 3126 ab
787 3061 905 3145 aliquo
921 3061 1180 3144 impedirentur,
1198 3061 1320 3143 praelio

373 3158 507 3242 lapides
528 3160 773 3244 adportarent;
798 3163 939 3245 eligitur
953 3169 989 3226 et
1004 3159 1187 3237 Merlinus,
1203 3168 1245 3224 nt
1266 3162 1320 3244 ip-

255 3344 259 3351 !
373 3260 445 3323 sins
474 3260 613 3342 ingenio
642 3262 771 3325 omnia.
789 3269 983 3343 agerentur.
1041 3259 1181 3324 Paratis
1210 3260 1321 3342 igitur

373 3359 519 3423 navibus
541 3379 636 3423 mare
655 3360 907 3441 ingrediuntur,
930 3368 965 3425 et
979 3360 1066 3424 velis
1087 3360 1262 3442 prosperis
1283 3361 1319 3423 in

373 3456 580 3523 Hiberniam
594 3467 838 3542 pervenerunt.
872 3459 1030 3543 Cumque
1045 3453 1320 3523 ⁸Gillomannins

373 3577 435 3621 rex
469 3556 648 3624 Hiberniae
675 3559 847 3625 adventus
876 3579 995 3624 eorum
1021 3576 1163 3623 causam
1191 3578 1321 3640 cogno·

373 3656 493 3735 visset,
520 3658 740 3723 adstantibus
762 3659 864 3737 dixit,
889 3656 1056 3723 ‘Armate
1078 3677 1141 3722 vos
1160 3657 1236 3735 viri,
1262 3677 1319 3723 ar·

405 3924 414 3957 ¹
428 3928 520 3978 Choreo
526 3927 679 3993 gigantem]
696 3929 744 3979 See
756 3929 832 3980 Oem·
855 3928 864 3955 ‘
873 3928 947 3990 plane
966 3928 1049 3976 nuilis'
1066 3927 1187 3989 although
1206 3928 1239 3978 be
1255 3928 1319 3978 cells

369 3997 429 4058 den,
440 3999 457 4046 i.
469 4002 527 4047 4ἳο.
856 3997 1320 4061 it,tbereaderisrelerredtoUmber,

403 4064 414 4096 ¹
426 4061 560 4134 Isidorou]
580 4068 628 4117 For
639 4082 672 4116 an
688 4071 795 4117 account
805 4067 835 4115 ot'
855 4083 882 4128 p.
893 4071 951 4116 24².

368 4136 410 4185 tbe
421 4152 495 4186 scene
506 4137 535 4185 ol
542 4137 593 4186 this
604 4138 756 4187 bmsaetion
768 4136 830 4185 from
890 4134 901 4167 ⁸
913 4136 1114 4200 Gillomnnniua]
1131 4152 1160 4185 or
1175 4137 1319 4188 Gillomsn·

368 4205 490 4256 Giraldns
501 4207 662 4258 Cambrensis
676 4208 727 4257 and
737 4206 831 4268 others,
854 4222 908 4257 rus.
945 4206 1051 4268 Ussber,
1062 4221 1088 4268 p.
1099 4209 1157 4257 242.
