2888 4852
436 431 577 480 riorus
603 428 873 482 ursroaranuu.
1061 418 1127 484 185

176 588 360 653 defunctus
387 596 453 666 ost,
476 594 661 671 postquam
692 587 819 652 mansit
852 589 888 652 in
923 589 1126 672 episcopatu

178 690 277 753 aunis
299 689 424 770 viginti
446 688 593 752 duobus.
659 687 824 770 Sepultus
847 697 900 753 est
922 690 959 753 in
981 691 1128 755 ecclesia

80 776 83 781 ’
177 790 270 853 beati
287 789 395 867 Petri,
411 789 447 851 in
470 808 540 870 qua
563 788 713 853 omnium
740 790 977 872 episcoporum
995 791 1127 872 [Doro-

178 889 411 968 hemensium]
432 907 578 970 corpora
597 896 679 952 sunt
705 889 851 970 sepulta.
906 889 1015 972 Cujus
1039 884 1128 973 ¹epi-

179 988 333 1072 taphium
349 988 563 1052 mouumenti
578 987 682 1071 hujus
698 986 854 1065 habetur,

257 1113 316 1171 Hic
329 1132 409 1171 sacer
420 1113 451 1170 in
463 1112 562 1170 tumba
574 1119 675 1190 pausat
689 1130 753 1169 cum
766 1131 884 1190 corpore
897 1113 1011 1190 proesnh

295 1209 389 1274 Quem
400 1217 470 1266 tunc
482 1207 666 1266 Theodorum
679 1206 777 1284 lingum
791 1208 912 1286 Pelasga
924 1219 1016 1268 vocat.

257 1305 345 1364 Alma
357 1325 441 1363 nora
453 1304 591 1363 scandens
604 1304 672 1362 felix
687 1305 829 1362 consortia
842 1307 919 1374 vitae,

298 1402 416 1462 Civibus
429 1401 563 1479 angelicis
573 1402 692 1478 junctus
705 1401 734 1457 in
749 1419 814 1458 aree
827 1402 896 1479 poli.
987 1418 992 1427 ·

180 1520 309 1586 Eodem
326 1529 480 1605 tempore
493 1515 685 1597 ’Alwoldo
703 1521 921 1586 orientalium
933 1522 1126 1606 Anglorum

181 1621 266 1704 regi,
283 1621 404 1685 Benna
418 1620 585 1685 successit
601 1621 637 1684 in
655 1640 809 1702 regnum.

229 1718 333 1784 Anno
359 1720 482 1803 gratioe
503 1736 628 1784 ncxc1.
655 1719 801 1802 Pipinus
825 1741 888 1784 rex
914 1722 1124 1786 Francorum
1138 1739 1248 1783 anum

180 1819 382 1885 Neustriam
398 1818 612 1904 subjugavit,
621 1827 655 1883 et
669 1827 828 1883 sanctum
840 1814 1077 1886 ³Lambertnm
1090 1821 1126 1887 in

178 1920 323 1985 ecclesia
339 1918 615 2004 Trajectensinm
631 1919 830 2001 episcopum
843 1921 1026 1986 ordinavit.
1058 1922 1128 1987 Per

178 2020 268 2085 idem
290 2028 426 2102 tempus
439 2011 711 2084 ⁴Willebrordus
728 2038 805 2082 cum
828 2021 930 2084 sociis
948 2022 1127 2086 duodecim

179 2121 223 2184 ab
238 2117 371 2202 Anglia
390 2119 531 2184 veniens
553 2119 589 2182 in
612 2117 775 2198 Galliam,
797 2121 983 2184 sanctitate
1005 2121 1128 2187 enituit

176 2220 336 2302 insignis

178 2369 395 2435 Britlacoldoc
411 2370 644 2435 Ocntwrimmh
657 2368 901 2454 archiepiscopos
916 2381 1119 2437 conseratur.

231 2476 335 2560 Auno
349 2495 472 2577 gratiae
487 2510 626 2558 ncxcrr.
642 2488 853 2570 ⁵Theodoro,
872 2494 1127 2560 Dorohernensi
1140 2510 1256 2600 34332233

179 2595 451 2678 archiepiscopo,
478 2593 725 2670 Brithwaldus,
755 2594 814 2676 qui
844 2603 920 2658 erat
953 2596 1060 2659 abbas
1091 2596 1246 2660 innocuo-

179 2693 401 2770 monasterio,
416 2693 508 2776 quod
521 2687 688 2757 “Raculse
702 2702 932 2774 nuncupatur,
949 2695 1126 2760 successit.

180 2795 322 2859 Electus
345 2801 399 2858 est
422 2801 537 2856 autem
566 2793 621 2855 die
645 2793 755 2874 primo
777 2794 905 2856 mensis
927 2792 1025 2872 Julii,
1047 2815 1126 2877 reg·

179 2895 343 2958 nantibus
365 2893 402 2956 in
424 2891 550 2956 Guntia
567 2883 768 2958 ⁷Withredo
792 2899 828 2955 et
852 2892 986 2958 Sifredo
1011 2895 1126 2958 fratri·

215 3062 413 3129 ¹Epitcplian.]
424 3062 642 3125 Weudovergives
666 3061 730 3109 from
747 3061 871 3123 Sigebert‚
883 3062 925 3112 the
941 3064 1031 3114 reader
1047 3065 1070 3113 is
1086 3080 1125 3114 re·

179 3135 239 3197 only
258 3134 301 3184 the
319 3139 371 3183 two
389 3135 443 3182 first
458 3132 508 3182 and
525 3138 576 3181 two
592 3131 642 3181 last
668 3129 747 3180 terred
761 3134 786 3178 to
797 3132 820 3178 le
833 3131 933 3194 cointe,
943 3134 981 3182 iii.
992 3148 1018 3194 p.
1031 3138 1089 3183 olo.

179 3205 244 3254 lines
260 3203 290 3253 of
303 3204 346 3253 the
365 3203 479 3266 epitaph,
495 3202 641 3264 consisting,
700 3197 1125 3253 quemammodum

179 3274 315 3337 according
326 3279 352 3323 to
364 3274 444 3334 Beda,
454 3273 484 3322 os
494 3271 642 3334 thirty-tour
665 3268 734 3333 cim]
755 3270 836 3319 Smith
844 3271 891 3320 hes
901 3274 976 3333 given
986 3273 1028 3322 the
1040 3288 1126 3323 names

178 3344 264 3395 heroic
274 3341 395 3411 (elegiae)
405 3359 499 3394 verses.
666 3338 695 3387 os
702 3339 773 3389 these
785 3340 939 3390 individuale
951 3344 975 3391 in
988 3343 1049 3391 edit.
1061 3343 1125 3393 Bed.

212 3443 343 3497 ,dmm
366 3479 446 3498 ....
471 3444 577 3507 Bam]
607 3446 640 3495 so
666 3423 691 3470 p.
706 3406 856 3471 192,acte⁹.
903 3412 951 3461 See
969 3411 1009 3461 his
1028 3412 1072 3461 lite
1091 3415 1125 3475 hy

178 3516 358 3579 ffllmbum
374 3517 640 3598 hutl'lorencestates
665 3479 937 3610 ῧὲζίῗίιῗῐωῗῐη)
961 3482 988 3531 fi·
1010 3497 1036 3545 Ρ·
1062 3486 1125 3544 ¹8⁸3

177 3587 640 3669 murmuremuswasmm·
698 3615 1125 3684 ‘rreumnmcmuarrom

178 3671 222 3719 nug
238 3662 265 3706 at
282 3656 325 3705 the
341 3671 410 3706 same
426 3662 486 3705 nme
497 3655 559 3705 with
571 3656 639 3716 (lile,
665 3685 838 3752 &dmm

178 3725 393 3846 ΞᾙΟῙΜΘΝῘΕ,
400 3724 638 3787 Wh⁰⁰⁰⁰¹¹pi⁰dth⁰
698 3754 844 3821 ‘ihcslseff
862 3757 995 3818 Recnlver,
1007 3759 1083 3809 lient.

250 3795 350 3846 esrom
374 3799 548 3846 75710796·
591 3794 638 3844 ⁸⁹⁰
697 3823 851 3877 ⁷Woareu0
868 3832 892 3875 ιι
913 3822 1030 3898 sunu]
1071 3829 1125 3878 rue

176 3866 300 3923 Mflmb‘
311 3881 338 3928 P·
351 3861 497 3927 mmo·
664 3895 763 3958 former,
781 3895 847 3945 after
864 3911 880 3945 a
898 3898 970 3958 reign
989 3898 1018 3946 oi
1037 3899 1126 3960 thirty-

212 3967 410 4030 'mutand
436 3969 479 4016 lle
494 3982 548 4016 was
564 3967 638 4016 made
663 3965 720 4014 four
730 3981 814 4027 years,
830 3966 890 4015 died
907 3967 932 4014 in
944 3970 1001 4018 725.
1037 3968 1126 4017 ottho

177 4037 638 4103 buhopotutrechtinooabmish·
662 4036 737 4086 latter
758 4037 823 4085 little
849 4037 871 4085 is
893 4035 995 4087 known.
1039 4038 1080 4085 lle
1103 4039 1125 4086 ia

177 4109 210 4158 ed
231 4110 258 4157 in
277 4111 335 4168 674,
357 4107 408 4155 and
429 4106 541 4156 restored
563 4121 638 4154 seven
663 4106 746 4155 called
767 4107 803 4167 by
832 4105 904 4155 Beda
926 4106 977 4154 and
1005 4107 1125 4156 Florence

175 4192 251 4240 years
261 4176 420 4227 alterumn.
456 4176 531 4238 Upon
539 4175 639 4224 thiser·
664 4175 944 4238 ‘Suaebhsrdus‚’and
965 4176 991 4225 in
1010 4177 1052 4225 the
1064 4177 1124 4226 Sax.

176 4262 226 4311 ror,
236 4247 321 4297 which
332 4245 532 4296 Weudorerhns
548 4245 638 4306 copied
664 4244 757 4297 chron.
767 4248 776 4274 ‘
787 4245 999 4296 Waebheardus.'
