2888 4852
322 385 388 451 286
584 406 717 455 nocem
742 408 789 455 ur
812 407 1017 458 wnunovnn

324 554 400 641 este
423 562 605 628 celebratae
615 584 753 647 quoque
770 572 852 629 sunt
865 565 997 647 nuptiae
1014 565 1050 628 in
1068 565 1154 629 villa
1169 567 1277 647 regia,

324 679 402 743 quae
426 660 665 746 Chippenham
688 664 895 747 appellatur,
918 664 977 728 ubi
1000 659 1135 748 ¹puella
1158 665 1278 730 Ethel-

324 760 466 825 suuitha
479 763 609 845 reginae
622 783 746 829 nomen
763 764 962 846 promeruit.

323 935 373 1000 De
388 936 525 1021 quedam
540 934 668 999 muliere
686 933 842 1020 sortibpa,
857 942 886 998 et
901 934 967 1018 ejus
981 932 1153 999 miserabili
1172 945 1275 1001 cana.

375 1057 478 1123 Circa
500 1058 574 1122 dies
599 1060 685 1122 istos
710 1052 850 1122 ²mulier
870 1058 1029 1140 quaedam
1053 1059 1212 1123 malefica
1239 1061 1275 1124 in

220 1130 231 1158 ⁰
267 1146 273 1158 ’
324 1156 420 1236 villa,
437 1178 515 1241 quae
535 1156 717 1222 Berkeleia
739 1158 877 1235 dicitur,
900 1157 1040 1240 degens,
1063 1157 1156 1238 gulae
1178 1177 1273 1223 ame-

324 1257 396 1321 trix
432 1277 473 1322 ac
503 1258 719 1340 petulantiae,
753 1256 896 1338 flagitiis
926 1257 1066 1321 modum
1098 1276 1208 1341 usque
1236 1259 1272 1323 in

323 1357 457 1420 senium
473 1364 509 1421 et
526 1357 681 1438 auguriis
696 1376 766 1420 non
780 1375 924 1439 ponens,
940 1376 1048 1439 usque
1070 1356 1114 1420 ad
1128 1366 1273 1422 mortem

323 1454 498 1538 impudica
512 1457 712 1538 permansit.
765 1455 856 1519 Haec
877 1455 932 1519 die
947 1456 1095 1538 quadam
1118 1476 1197 1520 cum
1218 1477 1273 1522 se·

324 1554 420 1619 deret
442 1556 487 1619 ad
508 1556 702 1638 prandium,
725 1554 911 1632 cornicula,
933 1575 1037 1638 quam
1060 1575 1123 1639 pro
1141 1556 1272 1620 deliciis

323 1656 500 1737 pascebat,
517 1655 632 1718 nescio
649 1654 732 1737 quid
746 1655 879 1735 garrire
896 1655 1024 1737 coepit;
1046 1674 1116 1737 quo
1139 1655 1271 1732 audito,

323 1754 477 1819 mulieris
489 1753 650 1818 cultellus
667 1754 709 1817 de
723 1772 827 1816 mauu
842 1754 984 1830 excidit,
998 1754 1100 1817 simul
1116 1763 1152 1819 et
1167 1754 1272 1819 iacies

323 1853 511 1936 pallescere
528 1854 646 1936 coepit,
671 1861 707 1917 et
728 1854 854 1916 emisso
875 1853 1005 1933 rugitu,
1031 1849 1193 1929 ‘Hodie’
1218 1856 1272 1917 inn

323 1953 412 2035 quit,
425 1953 613 2036 ‘accipiam
622 1952 753 2034 grande
763 1952 1028 2028 incommodum,
1044 1952 1212 2036 hodieque
1227 1954 1271 2017 ad

323 2053 456 2115 sulcum
483 2053 642 2117 ultimum
664 2070 777 2115 meum
799 2051 956 2134 pervenit
979 2059 1132 2116 aratrum
1151 2051 1170 2131 ;’
1201 2073 1270 2135 quo

323 2150 428 2228 dicto,
443 2153 585 2215 nuntius
600 2150 728 2215 doloris
743 2151 898 2214 intravit.
934 2150 1081 2215 Muliere
1096 2171 1180 2215 vero
1195 2171 1269 2234 per-

322 2259 487 2314 cunctata
506 2250 550 2313 ad
572 2250 655 2333 quid
674 2251 817 2328 veniret,
839 2248 1015 2326 ‘Adsere’
1035 2251 1160 2332 inquit,
1186 2252 1269 2315 ‘tibi

323 2348 385 2413 lilii
412 2351 464 2413 tui
485 2350 617 2413 obitum
642 2356 677 2413 et
704 2350 811 2414 totius
835 2348 974 2412 familiae
990 2349 1065 2434 ejus
1088 2369 1132 2413 ex
1155 2352 1271 2415 subita

322 2442 423 2513 ruina
436 2448 637 2512 interitum!
674 2447 755 2512 Hoc
770 2468 907 2532 quoque
924 2447 1042 2513 dolore
1054 2449 1176 2513 mulier
1191 2470 1269 2532 per·

322 2555 429 2625 mota,
464 2547 554 2612 lecto
590 2548 747 2631 protinus
778 2547 941 2611 decubuit
982 2549 1136 2629 graviter
1172 2549 1267 2613 infir-

322 2655 417 2711 mata
432 2667 440 2725 ;
458 2648 683 2729 'sentiensque
705 2647 860 2710 morbum
883 2647 1067 2728 subrepere
1089 2647 1133 2710 ed
1147 2649 1269 2712 vitalia
1387 2691 1400 2713 .

320 2746 447 2810 liberos
463 2766 550 2838 quos
572 2746 693 2809 habuit
714 2747 930 2827 superstites,
953 2746 1158 2809 monachum
1175 2748 1267 2811 vide-

321 2845 402 2911 licet
419 2855 455 2910 et
469 2846 684 2922 monacham,
701 2864 764 2928 per
777 2844 957 2928 epistolam
971 2845 1144 2910 invitavit.
1196 2846 1270 2911 Ad-

321 2946 499 3010 venientes
536 2953 650 3010 autem
683 2964 768 3008 voce
807 2943 1022 3025 singultienti
1059 2944 1268 3028 adloquitur,

321 3044 446 3127 ‘Ege'
461 3046 587 3127 inquit,
614 3043 668 3106 ‘O
686 3043 795 3126 pueri,
813 3063 890 3107 meo
907 3043 1093 3108 miserabili
1108 3044 1180 3108 sato
1197 3047 1268 3110 dae-

321 3146 487 3208 moniacis
509 3147 645 3226 semper
658 3144 791 3207 artibus
812 3142 977 3207 inservivi
993 3163 1002 3221 ;
1025 3164 1091 3225 ego
1105 3145 1267 3209 vitiorum

320 3246 473 3308 omnium
502 3244 651 3319 sentina,
675 3262 741 3324 ego
771 3242 1007 3306 illecebrarum
1035 3244 1184 3307 omnium
1214 3245 1265 3308 sui

320 3344 508 3424 magistra;
532 3350 607 3407 crat
628 3342 711 3405 mibi
733 3350 848 3405 tamen
871 3342 961 3407 inter
984 3342 1058 3405 baec
1073 3343 1176 3420 mala,
1189 3363 1269 3426 spes

320 3451 445 3506 vestrae
472 3442 660 3523 religioniS,
689 3460 767 3523 quae
793 3461 904 3504 meam
932 3441 1097 3507 solidaret
1118 3443 1268 3507 animam

320 3541 550 3623 desperatam,
568 3560 631 3604 vos
648 3541 876 3623 expectabam
897 3549 1171 3623 propugnatores
1187 3561 1269 3606 con-

319 3650 374 3705 tra
394 3641 579 3717 daemones,
604 3647 737 3704 tutores
760 3648 882 3704 contra
907 3640 1116 3705 saevissimos
1141 3642 1268 3706 hostes.

320 3739 425 3804 Nunc
454 3740 574 3823 igitur,
606 3741 769 3822 quoniam
801 3739 844 3802 ad
875 3740 976 3803 finem
1001 3740 1083 3804 vitae
1114 3743 1268 3824 perveni,

355 3981 462 4033 ¹Puello
484 3980 691 4043 Etiamnum]
729 3982 779 4030 She
805 3987 872 4042 story
884 3982 913 4030 oi
926 3982 968 4030 the
979 3982 1056 4030 witcb
1067 3981 1096 4030 of
1110 3981 1235 4043 Berkeley
1247 3984 1270 4031 is

316 4054 376 4103 died
388 4060 415 4103 at
429 4053 512 4101 Paria
527 4052 621 4100 in889.
659 4050 778 4100 Malmab.
805 4051 881 4099 taken
904 4050 965 4099 from
989 4052 1157 4112 Malmsbury,
1180 4053 1205 4099 in
1228 4053 1269 4100 bis

317 4123 374 4189 §uo
804 4126 912 4169 account
929 4120 958 4168 of
973 4137 1039 4183 pope
1057 4121 1173 4183 Gregory
1190 4122 1237 4171 vl.
1256 4120 1269 4186 ξ

352 4161 779 4258 ’murmuratumque
805 4195 861 4240 eoi.
