2888 4852
394 428 534 480 smnus
557 428 827 480 ursuonmnnu.
1041 415 1086 480 49

126 583 264 649 cestriae
291 587 410 652 urbem
442 589 707 654 munitissimam
739 587 896 667 obsedit3
928 608 997 671 quo
1020 608 1081 654 au·

123 680 211 761 dito,
237 695 475 753 convenerunt
494 688 647 773 undique
668 688 829 753 Britones
854 687 954 770 quasi
982 708 1077 771 apes,

124 790 173 860 et,
184 785 418 853 assilientibus
436 789 634 854 Saxonibus
649 809 671 853 a
687 796 786 870 tergo
800 807 935 871 semper
950 787 1076 854 adsist-

124 891 237 963 entes,
251 906 328 951 cum
345 889 429 953 viris
445 890 636 972 sagittariis
651 888 768 953 hostes
792 888 918 953 acriter
932 888 1075 954 infesta·

124 982 222 1048 bant.
276 988 439 1053 Dimissis
460 1009 544 1072 ergo
570 989 754 1066 moenibns,
780 989 910 1071 pagani
934 1007 1074 1070 gressus

125 1090 162 1146 et
186 1104 285 1151 arma
307 1087 504 1172 dirigebant
525 1089 563 1153 in
584 1108 644 1154 eos
657 1088 672 1169 ;'
693 1095 731 1152 at
751 1088 924 1165 Britones,
946 1088 1072 1170 pedum

124 1184 312 1252 velocitate
344 1189 415 1254 illis
445 1190 719 1273 praestantiores,
756 1187 863 1252 silvas
895 1189 1072 1272 petebant,

124 1291 232 1368 atque
247 1286 372 1352 iterum
389 1289 433 1354 ad
451 1289 579 1354 moeuia
592 1288 812 1355 tendentibus
823 1289 982 1371 paganis,
998 1308 1073 1352 rur-

122 1402 200 1448 sum
213 1405 237 1451 a
255 1394 354 1470 tergo
367 1389 586 1455 infestabant
640 1387 720 1453 Hac
731 1396 806 1452 arte
822 1389 980 1453 Saxones
997 1389 1074 1453 diu-

124 1485 194 1548 tius
219 1486 372 1570 fatigati,
398 1498 550 1572 stragem
577 1509 648 1554 non
677 1488 853 1553 minimam
883 1497 966 1553 sunt
994 1508 1073 1571 per·

122 1585 228 1666 pessi.
279 1586 381 1652 Tunc
397 1587 567 1666 Saxones,
585 1589 774 1653 exercitum
791 1589 828 1650 in
849 1587 936 1651 duas
953 1595 1072 1671 partes

122 1683 332 1766 dividentes,
358 1696 492 1771 partem
522 1708 626 1752 uuam
655 1689 828 1752 moenibus
857 1688 1009 1752 civitatis
1034 1696 1069 1753 et

122 1783 270 1850 alteram
302 1787 346 1852 ad
368 1787 609 1854 debellandum
635 1789 798 1852 Britones
824 1787 1070 1869 assignarunt;

123 1885 217 1949 cives
232 1906 316 1952 vcro
335 1888 499 1953 diuturna
515 1889 605 1953 fame
621 1888 773 1965 contriti,
791 1906 868 1952 cnm
885 1888 960 1971 jam
982 1908 1070 1971 pon-

122 1984 188 2049 dus
202 1985 440 2053 infestantium
462 2008 677 2072 paganorum
693 1988 823 2052 diutins
838 1988 927 2052 serre
949 1989 1069 2070 nequi·

123 2085 270 2165 cissent,
293 2108 414 2154 omnes
436 2089 473 2153 in
498 2108 558 2154 ore
579 2088 687 2171 gladii
711 2087 897 2172 perierunt,
929 2096 964 2152 et
984 2089 1220 2159 civi-comnia

123 2192 233 2251 tatem
255 2187 350 2251 iliam
379 2189 497 2254 hostes
526 2190 664 2272 penitus
689 2188 900 2253 deleverunt.
955 2159 1231 2252 Locusmmm'

121 2284 243 2369 itaque
274 2288 427 2354 cintatis
455 2308 565 2373 usqne
595 2289 696 2354 hodie
727 2287 986 2353 transeuntibus
1012 2308 1070 2352 os-

121 2386 278 2452 tenditur
309 2388 498 2454 desolatns.
551 2387 685 2453 Mansit
718 2408 801 2471 ergo
836 2388 961 2452 ibidem
994 2388 1071 2453 Elle

120 2504 201 2549 cum
216 2487 327 2552 tribus
342 2488 423 2554 filiis
444 2489 529 2565 suis,
546 2495 582 2553 et
598 2489 773 2571 regionem
789 2487 896 2566 illam,
918 2507 996 2570 quae
1013 2507 1070 2551 ns·

121 2605 190 2669 que
201 2586 304 2652 hodie
313 2587 461 2671 Anglioe
471 2587 663 2666 ‘Sutsexe,'
678 2588 801 2652 Latine
811 2597 926 2652 antem
937 2588 1069 2671 ‘Regio

121 2677 341 2752 Australium
357 2687 547 2754 Saxonum'
565 2689 704 2766 dicitur,
720 2688 832 2752 colere
849 2688 967 2772 coepit.

163 2785 273 2851 Anno
283 2790 408 2872 gratiae
421 2805 618 2854 ccccxcnl.
631 2782 855 2853 ¹Anastasius
872 2788 1070 2854 Romanum
1083 2807 1209 2898 pum.

121 2904 262 2952 sumens
289 2887 482 2973 imperium,
507 2888 607 2953 annis
632 2889 759 2972 viginti
784 2889 936 2972 quinque
962 2889 1069 2971 impe·
1083 2918 1184 2959 amm.

120 2987 226 3053 ravit.
288 2988 336 3054 Et
353 2988 530 3054 sciendum
553 2997 619 3068 est,
642 2987 735 3071 qnod
758 3008 863 3066 anno,
879 3008 949 3072 qno
972 2988 1070 3052 Zeno

121 3094 282 3152 mortuus
297 3097 362 3167 est,
378 3086 587 3154 Anastasius
607 3089 777 3171 imperare
792 3089 911 3171 coepit.
960 3088 1072 3151 Erant

120 3186 206 3250 anni
242 3189 430 3253 secundum
462 3188 641 3255 Romanos
673 3189 734 3272 [ab
761 3187 890 3269 Adam]
918 3189 1070 3272 quinque

120 3286 232 3352 millia
261 3289 427 3372 nongenti
454 3289 634 3371 octoginta
659 3308 796 3366 novem,
821 3295 856 3352 et
883 3288 1070 3353 secundum

117 3389 403 3471 supputationem
434 3387 752 3454 Alexandrinorum
779 3389 931 3471 quinque
963 3387 1072 3452 millia

120 3489 289 3572 nongenti
305 3489 483 3573 octoginta
496 3496 580 3553 tres.

119 3738 150 3788 oi
157 3729 200 3789 the
218 3740 289 3803 siege
299 3738 330 3789 oi
337 3738 551 3790 eudred-ceaster
561 3731 596 3826 is}
607 3738 696 3799 found,
712 3739 758 3786 bnt
774 3738 847 3786 ‘now
863 3735 988 3786 decaied!
1020 3738 1080 3795 De,

118 3808 198 3859 taken
215 3808 281 3860 trum
300 3809 391 3871 Henry
408 3810 585 3872 Hnutingdou,
608 3809 695 3870 script.
708 3808 783 3871 Engl.
796 3823 822 3869 p.
834 3811 892 3856 217.

119 3878 226 3942 Seriptt.
247 3885 305 3944 post
327 3879 392 3929 Bed.
414 3894 441 3941 p.
460 3883 517 3930 ⁸1².
554 3879 584 3927 Iu
645 3876 831 3940 Mummius]
841 3877 883 3925 He
892 3891 947 3926 was
955 3878 1072 3927 crowned

119 3947 163 3998 the
174 3949 260 4000 Saxon
272 3949 407 3999 Chronicle
417 3951 439 3998 it
454 3950 478 3999 is
493 3949 585 4011 placed
609 3963 723 4010 emperor
734 3963 766 3997 on
776 3951 806 3996 ll
818 3947 893 4009 April
904 3951 962 4008 491,
970 3949 1073 3997 accord-

120 4019 149 4068 in
175 4019 219 4069 the
246 4034 308 4081 year
335 4023 394 4070 400.
442 4018 586 4068 Holinshed
610 4018 743 4081 ingtothe
760 4018 888 4081 generally
899 4017 1015 4066 received
1026 4033 1073 4066 au·

121 4088 218 4151 spem
234 4088 553 4151 manutenementum
571 4103 587 4137 a
610 4088 734 4150 thorities,
745 4088 795 4137 and
814 4087 874 4137 died
890 4089 959 4149 early
972 4089 998 4136 iu
1009 4086 1074 4147 tuly

122 4159 197 4222 piace
209 4159 295 4210 where
313 4159 411 4210 Roman
430 4160 500 4209 coins
518 4173 586 4208 were
612 4162 670 4207 518.

175 4331 255 4381 ΥΟΕ.
273 4333 297 4382 1.
905 4331 926 4376 E
