2888 4852
477 435 619 487 riorus
642 434 909 485 msrormnuu.
1104 419 1168 483 111

217 590 395 675 pontificis
438 593 648 658 auctoritate
691 592 887 656 executioni
933 592 1168 658 demandaret.

218 691 350 757 Eodem
366 698 521 776 tempore
538 685 572 756 ¹J
575 694 742 770 ohannes,
759 691 1019 757 Alexandrinus
1037 694 1169 776 episco-
1180 714 1289 757 samm

218 811 298 875 pus,
322 791 452 870 floruit,
469 793 531 876 qui
549 792 593 856 ob
608 791 772 857 eximiam
792 793 829 855 in
851 811 1022 876 pauperes
1040 791 1170 856 Christi
1181 764 1302 856 ffliffl

217 891 462 957 liberalitatem
480 910 605 956 nomen
624 891 932 975 ‘Eleemosynarii'
946 891 1071 956 habere
1089 911 1169 974 pro·

217 992 357 1057 meruit.
393 990 551 1074 Contigit
566 1000 695 1069 autem,
705 998 746 1056 nt
756 991 897 1074 quidam
907 992 1109 1074 peregrinus
1119 991 1170 1055 vi·

217 1091 304 1156 dens
319 1098 454 1156 tantam
471 1090 548 1177 ejus
565 1092 601 1155 in
613 1091 783 1174 pauperes
797 1092 1084 1174 compassionem,
1095 1098 1170 1155 ten·

219 1199 294 1256 tare
307 1211 386 1256 eum
400 1191 534 1269 volens,
549 1191 695 1256 accessit
714 1190 760 1254 ad
775 1210 855 1254 eum
871 1190 952 1255 dum
965 1190 1008 1254 de
1023 1209 1168 1255 consue-

219 1291 341 1356 tudine
357 1291 513 1356 infirmos
529 1292 702 1369 visitaret,
716 1298 751 1356 et
766 1290 868 1368 dixit,
883 1291 1073 1356 ‘Miserere
1089 1291 1169 1368 mei,

218 1391 383 1475 quoniam
398 1391 503 1455 miser
514 1410 580 1474 ego
595 1410 672 1455 sum
686 1399 723 1456 et
736 1390 920 1473 captivus?
965 1389 1170 1454 Patriarcha

218 1510 302 1556 vero
323 1491 555 1574 dispensatori
583 1511 649 1556 suo
673 1492 735 1567 ait,
759 1489 841 1554 ‘Do
868 1490 900 1554 ei
922 1509 985 1555 sex
1013 1490 1169 1569 aureos3’

219 1591 346 1674 quibus
363 1591 529 1675 acceptis,
551 1592 700 1656 mutavit
718 1588 876 1654 habitum
889 1608 1033 1673 pauper,
1052 1596 1087 1653 et
1103 1589 1169 1653 ali·

218 1690 310 1755 unde
326 1692 470 1757 veniens
495 1691 632 1756 obviam
657 1690 803 1774 procidit
825 1690 863 1753 in
886 1697 1014 1754 terram
1039 1688 1169 1765 dicens,

219 1789 410 1855 ‘Miserere
432 1791 512 1869 mei,
535 1791 618 1874 quia
641 1788 755 1853 inedia
779 1796 940 1853 coarctor
960 1789 1062 1852 nimis
1072 1787 1095 1868 3'
1116 1787 1168 1851 di-

221 1890 271 1956 cit
293 1890 408 1954 denuo
435 1889 644 1974 patriarcha,
673 1889 754 1952 ‘Da
775 1889 806 1953 ei
832 1908 895 1952 sex
921 1906 1044 1952 aureos
1057 1886 1077 1967 ;’
1099 1908 1169 1970 quo

221 1989 328 2068 facto,
343 1988 435 2054 dixit
448 1989 603 2055 minister
624 1989 661 2052 in
683 1988 824 2052 auribus
840 1987 1060 2070 patriarchae,
1074 1992 1084 2021 ‘
1096 1988 1169 2052 Do·

221 2090 325 2167 mine,
355 2089 432 2173 ipse
452 2089 526 2173 jam
555 2090 610 2153 bis
644 2086 812 2171 accepit3’
842 2096 878 2152 et
899 2089 1003 2153 tertio
1026 2088 1169 2152 veniens

220 2188 474 2273 eleemosynam
498 2187 701 2272 postulavit,
722 2187 880 2252 minister
894 2196 1010 2253 autem
1030 2187 1170 2252 domino

221 2288 418 2368 intimavit;
441 2296 524 2353 tunc
553 2290 604 2353 ait
627 2287 686 2352 ille
705 2307 786 2352 vere
805 2287 1012 2365 misericors,
1030 2286 1109 2350 ‘Da
1137 2288 1169 2351 ei

220 2389 402 2454 duodecim
427 2407 563 2467 aureos,
588 2407 632 2452 ne
654 2387 745 2452 forte
761 2386 921 2451 Christus
943 2389 990 2452 sit
1006 2394 1042 2452 et
1058 2393 1170 2452 tentet

221 2488 300 2554 me.'

448 2587 497 2652 no
510 2596 605 2652 mom
618 2587 730 2652 rna
743 2587 949 2672 capam.

270 2711 376 2779 Anno
402 2713 525 2795 mtiae
551 2729 668 2778 ncxn.
699 2711 837 2777 Phocas
862 2713 1061 2795 imperator,
1088 2711 1168 2775 dum
1182 2728 1290 2818 3333.

223 2814 409 2879 crudeliter
432 2813 468 2876 in
490 2830 573 2877 suos
598 2813 737 2878 saeviret
763 2812 982 2889 domesticos,
1000 2810 1169 2889 Heraclii,
1182 2829 1268 2868 mm.

224 2912 353 2979 Africae
378 2911 528 2997 patricii,
548 2911 652 2998 jussu
677 2921 876 2996 peremptus
902 2919 975 2991 est3
1008 2913 1068 2995 qui
1090 2919 1171 2994 post

224 3033 341 3079 necem
358 3011 468 3096 ipsius
483 3013 549 3076 sibi
567 3013 812 3096 rempublicam
827 3011 1028 3076 vindicavit.

516 3162 565 3224 De
578 3160 707 3246 imperio
720 3156 876 3224 Heraclii.

271 3282 377 3350 Anno
398 3286 523 3368 gratiae
545 3300 676 3349 ncxru.
689 3277 909 3360 'Heraclius
930 3282 1091 3347 Romano
1111 3304 1170 3367 po
1184 3309 1292 3348 anan.

225 3385 309 3450 titus
334 3386 492 3469 imperio,
519 3385 619 3448 annis
643 3385 790 3466 triginta
817 3391 854 3447 et
879 3402 949 3446 uno
973 3384 1169 3466 imperavit.
1182 3358 1295 3459 iffi?

224 3485 354 3551 Eodem
383 3503 474 3550 anno
499 3483 592 3567 apud
619 3483 737 3548 urbem
761 3483 888 3547 Galliac
907 3476 1169 3548 'Mauriennam

171 3620 181 3641 .
222 3593 298 3651 erat
327 3585 450 3650 mulier
482 3583 640 3668 quedam
670 3590 791 3648 sancto
817 3583 988 3665 Baptistae
1016 3582 1170 3647 Johanni

258 3806 267 3840 ¹
277 3809 402 3858 deleam
412 3806 618 3871 Alexandrinae]
634 3806 697 3857 llis·
708 3808 792 3870 ously,
802 3809 872 3874 since
880 3807 1023 3856 wendover
1033 3809 1119 3869 places
1130 3808 1170 3858 hir

221 3878 387 3942 lile,vrritten
405 3879 437 3940 by
450 3893 467 3927 ι
485 3882 685 3939 contemporary,
708 3877 785 3928 death
802 3878 898 3940 rightly
909 3878 933 3925 in
952 3881 1010 3928 cll.
1047 3878 1089 3928 He
1109 3879 1170 3928 died

222 3949 352 4011 umam,
373 3947 464 4010 bislrop
485 3947 515 3996 ol
534 3947 642 4010 Naples,
656 3948 685 3996 in
710 3951 739 3996 ll
752 3947 917 3997 Fenintmt
928 3962 998 4008 year.

223 4016 524 4082 cymmprinwdby
539 4017 684 4079 Surium
742 4013 754 4046 ⁸
775 4016 975 4082 Moericum]
999 4017 1026 4068 S.
1048 4018 1114 4067 Jean
1137 4017 1169 4066 de

223 4089 285 4140 Jan.
320 4089 369 4138 See
380 4088 516 4149 Baculus,
526 4087 564 4136 xi.
574 4102 602 4150 p.
616 4091 673 4137 1⁰⁰.
708 4087 905 4149 Maurienne‚in
916 4088 1008 4148 Savoy.
1036 4087 1089 4136 'l'he
1101 4093 1170 4149 story

257 4151 432 4226 'Bucam
447 4155 610 4207 inu-houd
619 4157 685 4208 have
707 4156 731 4206 is
749 4157 802 4208 told
820 4162 848 4208 st
863 4156 951 4220 length
966 4158 1000 4218 by
1012 4156 1128 4219 Gregory
1144 4155 1175 4207 ot

223 4228 288 4281 hen
304 4227 416 4280 mmcd
429 4226 500 4279 three
511 4240 586 4292 Μ
600 4228 685 4292 previ-
707 4226 1170 4292 romundefflordstrtyrart.
