2888 4852
412 439 548 487 mouns
572 439 839 489 fflsromnnun.
1037 425 1103 488 419

153 589 266 654 dictus
283 593 374 657 sedit
390 597 425 658 in
443 596 605 660 cathedra
623 597 784 661 Romana
807 598 908 660 annis
924 617 1046 662 novem
1065 607 1100 663 et
1131 648 1134 653 -

152 692 324 755 mensibus
356 714 430 759 sex.
484 697 613 760 Eodem
643 717 736 760 anno
767 696 930 762 defuncto
953 696 1098 781 Algaro,

151 787 320 856 Cridiensi
335 795 510 877 episcopo,
526 791 719 861 ¹Alwoldus
737 797 913 861 successit.

349 967 398 1030 Do
413 965 595 1053 beaipaitute
612 969 691 1053 repis
706 969 894 1033 Eadwarcli.

202 1085 304 1150 Anno
330 1089 471 1153 Domini
504 1093 975 1171 uccccnxxvl1.Alfdritha,
1004 1094 1220 1157 Eud-inan.

151 1186 258 1249 wardi
278 1188 359 1252 novi
381 1191 473 1271 regis
496 1212 657 1270 noverca,
672 1193 779 1256 filium
796 1194 1004 1257 suumomni
1020 1194 1097 1256 nisu
1110 1166 1259 1255 iiiiii&

149 1283 185 1346 in
207 1305 321 1366 regem
337 1307 538 1369 promovere
564 1293 718 1370 stndonS,
736 1293 967 1356 Eadwardum
984 1294 1098 1357 verbis
1109 1266 1223 1305 ‘'m''

151 1383 354 1449 adulatoriis
392 1386 638 1454 circumvenire
672 1392 855 1456 laboravit.
918 1392 983 1455 Ille
1014 1412 1097 1456 vero

151 1491 306 1564 paternae
333 1487 508 1569 religionis
529 1499 565 1553 et
591 1491 731 1572 pietatis
757 1492 906 1573 vestigia
929 1491 1098 1569 imitatus,

150 1577 260 1665 ²regis
273 1586 486 1653 solummodo
503 1589 568 1653 sibi
592 1610 715 1655 nomen
731 1590 895 1669 retinens,
913 1590 1097 1654 Ethelredo

151 1682 250 1747 sratri
267 1693 302 1748 et
319 1687 422 1751 matri
438 1689 515 1772 ejus
538 1690 653 1754 omnia
665 1688 764 1772 regni
779 1691 921 1772 negotia
936 1690 1097 1754 ordinare

151 1784 315 1863 permisit.

206 1956 253 2018 De
261 1961 406 2041 pussioao
422 1961 524 2024 saneti
540 1961 730 2037 Eud-roardi,
747 1961 826 2046 repis
840 1968 868 2024 et
882 1962 1042 2044 ineam.

201 2082 306 2147 Anno
333 2084 474 2147 Domini
501 2101 777 2149 ncooonxxvnr.
807 2103 885 2148 cum
915 2104 977 2147 rex
1007 2083 1221 2153 idad-anna.

151 2184 289 2246 wardus
312 2176 384 2246 ³die
407 2184 555 2266 quadam
582 2185 619 2248 in
644 2185 828 2249 venatione
848 2184 962 2268 lassus
983 2189 1019 2246 et
1040 2183 1097 2247 siti
1111 2163 1232 2260 iffi'iiii‘

151 2283 252 2346 nimis
278 2282 422 2347 affectus
453 2292 573 2365 potum
603 2285 699 2350 solus
725 2291 908 2367 quaereret,
932 2263 1215 2362 commui-2253*

152 2381 289 2447 tonibus
305 2383 379 2446 suis
401 2391 436 2447 et
459 2385 624 2449 ministris
641 2403 758 2461 canes,
775 2403 982 2467 quocunque
996 2401 1099 2447 casus

152 2482 311 2560 ducebat,
326 2484 600 2565 insequentibus,
615 2484 735 2549 audito
751 2484 843 2567 qnod
858 2502 1008 2548 noverca
1023 2481 1099 2566 ejus

152 2590 187 2646 et
208 2582 315 2647 frater
328 2583 364 2645 in
379 2583 464 2647 villa
476 2583 638 2666 quadam,
663 2603 742 2666 quae
755 2577 787 2617 ⁴‘
801 2581 1029 2664 Corvesgate’
1047 2582 1100 2646 di·

152 2682 253 2760 citur,
269 2682 479 2759 habitarent,
493 2684 629 2746 concito
643 2683 799 2764 equitatu
818 2682 900 2745 illuc
915 2680 1100 2763 pertendit,

153 2781 239 2844 nihil
267 2782 445 2845 sinistrum
476 2792 618 2864 propter
645 2781 877 2845 innocentiam
906 2780 1100 2863 suspicans,

154 2880 214 2943 sed
241 2881 385 2944 aliorum
410 2882 515 2945 corda
544 2901 588 2944 ex
613 2882 668 2944 sui
693 2880 844 2964 pectoris
868 2877 1101 2943 moderamine

154 2979 378 3061 ponderabat.
431 2979 481 3044 At
495 3000 644 3045 noverca
665 2980 754 3064 ejus,
772 2979 905 3043 blandis
928 2997 1006 3042 cum
1028 2997 1101 3042 ser·

154 3079 313 3144 monibus
328 3081 521 3144 venientem
544 3080 711 3158 alliciens,
732 3080 800 3143 sibi
815 3078 896 3143 lecit
911 3077 1101 3154 intendere,

153 3185 189 3242 et
213 3190 292 3261 post
308 3180 438 3257 oscula,
461 3180 527 3243 sibi
545 3188 705 3262 porrecto
724 3178 861 3261 poculo,
878 3197 994 3259 regem
1016 3176 1102 3241 illud

155 3278 256 3342 avide
271 3279 485 3343 haurientem
510 3299 572 3361 per
592 3280 723 3343 lictoris
745 3296 869 3342 manns
895 3277 967 3341 sica
985 3285 1101 3341 trans·

102 3415 106 3427 ·
155 3378 263 3458 sodit;
296 3398 358 3442 rex
386 3399 480 3455 vero,
509 3399 587 3442 cum
614 3398 652 3443 se
680 3377 854 3443 lethaliter
883 3376 1102 3442 vulneratum

155 3480 331 3561 cognovit,
347 3499 473 3562 equum
488 3479 679 3544 calcaribus
694 3497 816 3560 urgere
839 3478 958 3560 coepit,
972 3485 1011 3541 ut
1025 3475 1102 3539 red·

153 3578 219 3643 iret
231 3579 275 3642 ad
291 3599 385 3657 suos,
405 3579 604 3644 exundante
619 3578 753 3662 jugiter
768 3598 900 3656 cruore,
917 3578 1007 3641 unde
1028 3596 1102 3641 suae

191 3806 356 3872 ¹Alwoldas‚]
374 3810 455 3859 called
466 3764 501 3871 liy
513 3809 615 3858 Malms·
641 3808 704 3871 aaa]
722 3809 845 3872 Compara
862 3807 905 3856 the
916 3807 1045 3869 following
1062 3823 1105 3856 aa·

56 3879 60 3893 '
155 3875 377 3939 bury‘Elfwold.’
404 3879 618 3928 Thetimeoihis
643 3883 719 3927 count
736 3878 766 3926 ol
779 3876 931 3926 Eadward's
952 3878 1104 3937 martyrdom

155 3949 231 3998 death
242 3950 265 3998 is
277 3956 318 3998 not
329 3949 432 3998 known.
643 3947 705 3995 with
717 3947 885 4007 Malmsbnry,
896 3962 922 4008 p.
931 3951 989 4007 258,
997 3961 1045 4008 seq.
1055 3946 1106 3994 and

190 4049 292 4112 'Regis
302 4052 445 4100 solummodo
455 4046 529 4120 tibh]
542 4051 617 4102 Com·
643 4016 1038 4135 ffisslrfgdlzncffigffi’pcpzvmii·
1063 4016 1105 4065 He

156 4137 216 4182 pare
229 4122 398 4183 blalmsbury,
409 4122 479 4170 Hist.
491 4137 517 4184 p.
529 4126 586 4171 258.
679 4154 689 4182 ⁴
702 4153 868 4217 emam]
888 4169 949 4204 mr
957 4155 1032 4204 corso
1044 4155 1107 4205 On·

191 4221 201 4252 ³
212 4222 262 4271 Die
272 4225 375 4286 quodam
392 4223 417 4271 in
429 4222 553 4272 uenatione
571 4224 618 4272 las·
644 4227 688 4287 tle,
700 4226 868 4275 Dorsetshire.

921 4315 1002 4360 ist
