2888 4852
385 459 526 509 riorus
548 459 817 510 rrrsronmauu.
1031 443 1077 510 5³

121 624 159 681 et
184 617 307 681 diebus
332 617 457 700 viginti
488 625 650 701 quatuor.
707 616 891 681 Paridem
924 625 1073 700 tempus,

122 716 249 794 Utber,
271 717 381 782 frater
411 714 547 782 Aurelii
570 717 663 800 regis
695 718 879 781 Britonum
906 717 1073 798 defuncti,

121 817 243 882 audito
262 837 346 882 casn
374 817 504 896 fratris,
526 837 604 881 cum
622 816 842 881 festinatione
855 816 1072 882 wintoniam
1084 840 1164 879 cm
1165 839 1209 880 run
1215 838 1240 879 r

121 918 231 996 venit,
255 925 292 982 et
313 926 506 982 convocato
530 916 659 1000 populo
686 918 786 999 regni
811 924 847 981 et
875 917 968 981 clero
996 918 1073 981 Bri
1083 891 1171 991 diiii.
1152 901 1213 938 ’μ’

120 1018 253 1082 tanniae
267 1017 426 1082 diadema
440 1018 605 1100 suscepit.
646 1016 884 1080 Reminiscens
897 1019 1015 1101 itaque
1027 1019 1071 1083 de

119 1116 235 1181 sidere
258 1117 468 1201 supradicto,
489 1116 770 1201 jussitsabricari
793 1116 881 1180 dnos
903 1116 1072 1182 dracones

121 1234 168 1279 ex
180 1236 280 1296 auro,
296 1217 341 1281 ad
355 1216 614 1282 similitudinem
629 1216 789 1280 draconis
805 1236 906 1298 quem
923 1217 958 1280 in
973 1217 1070 1282 radio

120 1316 235 1381 stellae
267 1316 479 1399 inspexerat,
512 1324 547 1381 st
580 1335 685 1380 unum
713 1316 749 1379 in
778 1315 925 1380 ecclesia
951 1316 1071 1399 primae

119 1415 216 1480 sedis
228 1416 420 1482 Wintoniae
435 1415 573 1494 obtulit,
587 1416 735 1480 alterurn
749 1434 831 1480 vero
846 1415 912 1479 sibi
928 1417 1072 1481 retinnit

120 1515 159 1579 in
172 1516 295 1599 praelio
309 1516 540 1581 deferendum.
584 1514 642 1579 Ab
660 1515 721 1578 illo
739 1534 823 1596 ergo
841 1524 995 1598 ternpore
1009 1536 1072 1581 vo·

120 1624 224 1680 catus
239 1616 306 1680 fuit
320 1615 521 1680 Britannice
543 1613 904 1698 ‘Utherpondragon,'
925 1613 1072 1697 Anglice

121 1714 550 1791 ‘Uthred-drakehescd:
576 1714 799 1796 Latinavero
814 1713 948 1779 ‘Uther
967 1723 1073 1797 caput

124 1815 299 1881 Draconis
309 1815 331 1894 ς’
345 1815 436 1880 unde
448 1834 558 1898 nsque
569 1814 671 1879 hodie
685 1833 761 1878 mos
774 1813 918 1878 inolevit
933 1815 1074 1897 regibus

123 1922 228 1980 terrae
237 1915 353 2000 hujus
364 1915 457 1999 quod
468 1935 532 1998 pro
543 1913 672 1978 vexillo
687 1914 884 1978 Draconem
895 1914 929 1977 in
941 1914 1074 1978 bellicis

125 2015 404 2098 expeditionibus
421 2022 502 2079 ante
516 2033 555 2078 se
572 2013 758 2078 statuerint
774 2012 1007 2078 deferendum.

170 2113 242 2179 Sub
274 2115 484 2192 hisdiebus,
517 2114 609 2179 Octa
636 2113 728 2177 filius
758 2111 936 2194 Hengisti,
967 2120 1175 2227 atquexaupn
1171 2137 1196 2227 ⁰,‘

126 2213 222 2279 Eosa
249 2222 418 2298 cognatus
443 2233 540 2291 suus,
571 2231 649 2276 cum
680 2212 785 2277 soluti
813 2221 928 2277 essent
959 2232 981 2277 a
1008 2213 1073 2276 foe-
1059 2187 1189 2278 -saamd

124 2314 207 2379 dere
231 2315 323 2397 quod
351 2313 495 2379 Aurelio
522 2313 738 2397 pepigerant,
764 2312 875 2376 moliti
897 2320 979 2376 sunt
1001 2313 1075 2394 regi

126 2413 241 2479 Uther
271 2414 399 2478 bellum
428 2433 567 2478 movere
601 2420 638 2477 et
670 2431 752 2477 suos
790 2413 876 2476 fines
914 2412 1074 2478 dilatare.

126 2513 289 2578 Maxima
323 2513 431 2597 igitur
469 2513 648 2577 Saxonum
689 2511 909 2576 multitudine
954 2511 1075 2594 stipati

127 2613 344 2698 aquilonales
372 2613 563 2678 Britanniae
587 2612 783 2697 provincias
804 2613 1018 2690 invaserunt,
1040 2619 1076 2677 et

125 2714 336 2778 munitiones
352 2713 409 2777 'ab
424 2712 578 2777 Albania
595 2731 705 2794 usque
726 2712 771 2776 ad
799 2712 992 2776 Eboracum
1015 2731 1076 2793 pe·

127 2814 223 2878 nitus
241 2813 496 2877 destruxerunt.
532 2811 714 2876 Postremo
729 2831 807 2875 cnm
818 2813 937 2876 urbem
951 2808 1077 2875 Alclud

127 2912 285 2978 obsidere
306 2912 528 2996 incepissent,
543 2911 744 2995 supervenit
763 2910 1077 2994 Utherpendragon

127 3032 207 3078 cum
224 3020 298 3077 tota
307 3010 510 3077 fortitudine
527 3011 690 3094 regionis,
703 3017 827 3075 etcum
839 3009 909 3073 illis
924 3029 1077 3094 pugnam

127 3113 311 3178 commisit.
364 3111 583 3178 Restiterunt
595 3109 741 3176 viriliter
761 3108 920 3174 Saxones
940 3117 975 3173 et
998 3109 1077 3173 Bri·
1089 3130 1226 3221 capuan

129 3219 228 3277 tones
243 3213 280 3275 in
294 3211 414 3295 sugam
437 3211 676 3295 propulerunt,
691 3209 905 3292 insecutique
919 3217 1001 3274 sunt
1017 3228 1078 3273 eos
1089 3181 1126 3221 ‘h'
1154 3181 1228 3222 'm'

127 3313 257 3395 pagani
272 3331 383 3394 usque
400 3311 445 3376 ad
462 3319 613 3376 montem
629 3303 776 3374 ¹Danet.
814 3309 908 3373 Dum
925 3311 990 3373 snb
1004 3308 1078 3373 sole

129 3411 202 3476 dies
225 3412 367 3477 emicuit
384 3417 642 3493 occupaverunt
659 3416 811 3473 montem
835 3409 1010 3486 Britones,
1034 3409 1076 3473 il·

128 3511 268 3594 lnmqne
290 3532 353 3595 pro
376 3510 509 3593 refugio
527 3509 734 3586 habuerunt,
753 3508 835 3591 quid
860 3516 1003 3590 agerent
1024 3509 1077 3590 ig·

128 3619 304 3677 norantes.
356 3606 512 3674 Tandem
533 3609 663 3674 salubri
685 3606 831 3672 consilio
853 3608 1079 3671 decreverunt

128 3706 334 3776 nocturnum
350 3711 386 3774 in
402 3710 520 3774 hostes
537 3710 702 3792 impetum
720 3707 845 3783 facere,
863 3713 968 3788 atque
983 3708 1078 3790 ipsos

128 3820 311 3895 soporatos
343 3816 379 3873 et
407 3811 555 3873 inermes
583 3826 775 3890 occupare3
809 3806 934 3871 statuti
959 3807 1078 3890 itaque

128 3931 190 3994 per
202 3920 336 3975 turmas
353 3917 388 3974 et
405 3909 543 3984 armati,
557 3914 674 3973 castra
690 3906 841 3971 hostium
856 3913 991 3988 petunt,
1002 3926 1079 3970 eos-

128 4030 196 4093 que
213 4011 342 4074 acriter
356 4008 547 4086 invadnnt;
570 4007 630 4090 qui
646 4007 698 4070 ita
708 4025 754 4070 ex
773 4006 962 4088 improviso
976 4025 1080 4070 occu-

326 4257 451 4325 'naua
470 4260 580 4321 Damen,
592 4256 667 4309 Geni.
681 4255 778 4305 Monm.
789 4254 842 4303 viii.
856 4256 896 4304 18.
