2888 4852
402 436 541 485 rnonns
568 436 837 484 ursronrsnuu.
1028 421 1094 488 505

145 592 226 657 fatis
243 593 371 657 diaboli
394 595 572 672 ministris,
590 593 698 657 sacris
715 592 908 676 virginibus
925 612 987 676 per
1003 613 1092 657 mar·
1105 609 1251 700 giomi

144 693 272 775 tyrium
300 694 344 757 ad
370 694 523 758 caelestia
552 713 660 774 regna
682 693 883 774 translatis,
915 700 995 776 post
1019 693 1093 757 haec
1106 671 1224 751 nonde

144 791 281 875 quidem
299 794 485 876 permulta
506 812 673 856 annorum
696 793 879 870 curricula,
896 795 960 856 sub
978 800 1094 876 potes·

145 899 218 956 tate
243 894 421 958 Danorum
447 892 637 957 infidelium
666 893 806 980 regione
833 892 894 955 illa
917 892 1093 970 devoluta,

144 994 258 1056 sancti
275 994 437 1076 martyris
452 994 618 1056 memoria
633 993 770 1075 penitus
787 1011 809 1055 a
824 992 997 1056 mentibus
1012 1013 1093 1075 pro·

145 1091 344 1156 vincialium
360 1100 413 1157 est
430 1093 563 1171 deleta;
588 1092 727 1156 tandem
744 1091 912 1176 paulatim
929 1092 1093 1156 redeunte

145 1190 297 1255 fidelium
312 1191 507 1270 devotione,
529 1199 565 1255 et
586 1191 665 1254 fidei
687 1199 908 1256 excrescente
930 1193 1094 1274 puritate,

146 1290 329 1373 episcopus
348 1290 415 1354 loci
438 1291 485 1354 ibi
506 1291 543 1354 in
558 1289 704 1354 ecclesia
720 1291 787 1355 Dei
804 1291 981 1372 genitricis
997 1311 1093 1374 pres·

145 1389 285 1470 byteros
302 1389 426 1455 statuit
440 1398 475 1454 et
490 1389 645 1466 clericos,
662 1391 722 1472 qui
741 1390 1009 1472 provincialibus
1031 1411 1093 1472 pa·

145 1487 317 1552 rochianis
348 1488 466 1553 divina
502 1490 667 1572 mysteria
699 1490 923 1554 celebrarent.
974 1489 998 1553 J
1001 1490 1094 1555 acuit

145 1588 277 1651 interea
292 1596 423 1672 martyr
439 1589 670 1667 beatissimus,
690 1590 819 1671 cespite
841 1589 1019 1673 abjectiori
1038 1597 1093 1654 tn-

146 1688 311 1765 mulatus,
343 1707 452 1770 usque
484 1688 520 1752 in
555 1696 711 1771 tempora
744 1689 925 1770 Egelwini,
960 1688 1094 1753 Dunel-

146 1788 273 1851 mensis
288 1788 458 1870 praesulis,
472 1796 508 1852 et
520 1781 661 1866 ¹Tostii,
675 1788 1095 1853 Northanhumbrensium

146 1888 293 1964 comitis,
309 1888 368 1970 qni
383 1895 462 1970 post
477 1886 682 1965 siwardum,
697 1907 766 1952 non
781 1887 1000 1953 haereditaria
1016 1907 1094 1953 suc-

147 1988 314 2064 cessione,
330 1988 390 2051 sed
414 1987 505 2070 regis
523 1987 707 2052 Eadwardi
729 1987 927 2065 donatione,
944 1989 1095 2052 obtinuit

146 2088 360 2151 comitatum.
413 2086 553 2152 Placuit
573 2089 681 2171 igitur
701 2089 827 2152 divinae
849 2088 983 2170 pietati,
1004 2109 1093 2171 prae·

146 2185 238 2250 dicto
265 2186 429 2268 pontifice
452 2187 601 2266 vivente,
625 2189 718 2251 beati
744 2188 906 2270 martyris
930 2188 1094 2270 reliquias

146 2284 182 2347 in
205 2286 328 2363 lucem,
351 2285 395 2350 ad
418 2288 526 2351 totius
550 2286 705 2351 ecclesiae
726 2294 945 2370 proventum,
959 2287 1094 2367 efferre,

146 2392 184 2448 ut
199 2385 341 2449 lucerna
360 2387 420 2450 diu
442 2387 641 2451 submodio
663 2387 864 2464 constituta,
886 2407 990 2470 super
1010 2406 1094 2451 can-

145 2484 323 2548 delabrum
349 2505 507 2563 accensa,
526 2486 739 2551 infidelitatis
759 2487 919 2551 tenebras
940 2487 1094 2552 illustra-

145 2591 209 2648 ret.
261 2584 349 2648 Erat
369 2593 485 2650 autcm
508 2585 657 2649 aedituus
674 2585 814 2668 quidam
837 2586 1012 2669 praedictae
1035 2607 1093 2650 ec·

145 2684 273 2762 clesiae,
299 2685 334 2748 in
361 2705 430 2768 qna
456 2704 582 2766 corpus
609 2686 702 2748 beati
726 2686 889 2768 martyris
914 2685 1093 2750 humatum

145 2783 271 2858 suerat,
286 2785 423 2848 nomine
441 2783 678 2860 Eadmnndus,
692 2784 745 2847 vir
760 2785 897 2868 quidem
911 2786 1094 2867 religiosus

145 2890 181 2945 et
202 2884 305 2946 beato
326 2883 470 2965 martyri
492 2883 652 2960 devotuS,
670 2883 741 2966 qui,
759 2884 840 2949 licet
862 2904 930 2948 non
952 2885 994 2948 de
1019 2903 1095 2948 cor-

145 3001 229 3063 pore
249 2982 395 3066 alicujus
412 2984 613 3046 monasterii
635 2984 736 3047 titulo
759 2983 980 3066 professionis
1002 2992 1096 3048 esset

146 3082 345 3158 adstrictus,
370 3082 488 3146 habitu
511 3091 628 3146 tamen
653 3082 828 3165 religionis
850 3083 963 3147 fuerat
984 3084 1093 3165 insig-
1122 3102 1135 3122 ·

145 3178 262 3259 nitus;
295 3180 350 3245 hic
378 3190 479 3246 nocte
505 3181 667 3264 quadam,
693 3202 770 3245 cum
796 3189 875 3264 post
907 3191 1095 3246 nocturnas

147 3280 283 3361 vigilias
305 3282 340 3343 in
363 3282 509 3345 ecclesia
534 3283 687 3345 membra
712 3282 827 3364 sopori
850 3280 1012 3358 dedisset,
1032 3283 1094 3346 ad·

144 3381 234 3446 stitit
257 3383 289 3444 ei
312 3381 365 3444 vir
391 3381 532 3463 quidam
554 3389 690 3445 statura
717 3401 878 3464 procerus
904 3389 940 3446 et
964 3382 1095 3447 caelesti

145 3481 281 3562 fulgore
311 3481 513 3563 praeclarus,
546 3482 605 3563 qui
635 3482 701 3546 viri
733 3500 857 3545 nomen
896 3483 1093 3564 exprimens

147 3581 248 3657 dixit,
282 3587 291 3615 ‘
309 3581 431 3645 Frater
448 3581 663 3658 Eadmunde,
677 3582 784 3645 frater
800 3581 1014 3660 Eadmunde,
1027 3602 1093 3664 ego

146 3700 223 3742 sum
257 3700 318 3744 rex
345 3679 520 3757 OswinuS,
547 3680 606 3763 qui
638 3680 673 3743 in
705 3681 770 3745 hae
806 3681 952 3747 ecclesia
977 3682 1093 3765 jaceo,

146 3778 304 3842 omnibus
330 3780 548 3862 incognitus3
583 3800 729 3862 surgens
753 3801 836 3862 ergo
859 3782 914 3844 dic
939 3782 1095 3864 pontifici

147 3877 338 3958 Egelwino,
355 3886 395 3941 ut
414 3880 450 3942 in
469 3879 573 3962 hujus
591 3880 732 3944 oratorii
749 3868 948 3963 pavimento
968 3901 1095 3964 corpus

182 4143 314 4207 'Testil.]
344 4144 386 4192 lle
409 4144 548 4194 succeeded
569 4145 608 4193 si·
633 4146 752 4193 Floronce
775 4145 825 4193 and
847 4146 889 4194 the
912 4146 972 4197 Sex.
993 4146 1097 4210 Chron„

146 4214 216 4263 ward
235 4215 260 4262 in
274 4217 346 4278 1⁰⁵5,
358 4215 418 4278 and,
431 4215 566 4278 according
583 4220 608 4264 to
633 4230 688 4265 was
698 4215 827 4266 oullawed
838 4217 865 4265 in
878 4219 949 4264 1⁰65.
