2888 4852
425 430 563 477 eronus
586 430 857 480 nrsronrnnun.
1048 417 1121 483 3212

161 581 286 662 gratia,
304 584 481 664 visitabat,
498 589 614 670 ibique
631 589 690 653 diu
712 591 748 653 in
772 590 930 655 oratione
953 601 1109 674 prostra·
1123 611 1203 653 arnor

162 687 219 745 tus
248 683 315 747 Dei
346 687 614 751 miscricordiam
644 690 865 771 implorabat,
889 700 927 754 ut
959 700 1109 757 mentem
1121 663 1214 704 ”lm

162 781 237 864 ejus
254 785 291 846 in
304 804 453 849 amorem
471 807 545 851 suae
560 788 765 866 dilectionis,
784 810 845 871 per
862 790 1013 873 aliquam
1032 813 1108 857 cor·

161 883 254 963 poris
276 884 509 950 infirmitatem
527 908 631 970 quam
651 890 821 952 sustinere
843 899 973 972 posset,
992 911 1107 955 corro—

162 982 311 1058 boraret,
329 1003 397 1047 non
418 994 532 1050 tamen
556 989 607 1050 ita
631 989 724 1051 utin
744 989 847 1051 rebus
872 989 1031 1054 humanis
1053 991 1107 1054 in·

161 1080 287 1161 dignus
305 1083 360 1145 vel
373 1085 506 1148 inutilis
520 1095 714 1169 appareret.
767 1087 924 1170 Cumque
938 1089 1013 1154 baec
1030 1090 1106 1154 diu·

160 1180 230 1242 tius
245 1182 279 1243 in
296 1202 423 1263 magna
442 1187 566 1248 mentis
583 1186 766 1250 devotione
782 1188 965 1252 aDomino
983 1197 1106 1272 postu-

160 1278 278 1357 lasset,
301 1290 381 1363 post
405 1283 659 1365 aliquantulum
682 1287 847 1367 temporis
868 1289 1106 1366 interstitium,

160 1378 227 1442 Dei
250 1400 402 1459 munere,
428 1383 482 1446 fici
511 1385 662 1448 dolorem
689 1386 856 1464 incurrit3
891 1387 925 1449 in
953 1408 1023 1470 quo
1046 1389 1106 1452 diu

157 1485 193 1541 et
208 1498 300 1560 aegre
317 1501 379 1562 per
395 1483 522 1546 multos
539 1484 700 1548 laborans
716 1504 838 1561 annos,
854 1485 897 1548 de
912 1487 985 1551 vita
1000 1489 1105 1552 etiam

159 1577 376 1660 desperabat.

210 1753 361 1831 Quomodo
376 1776 429 1818 rec
443 1755 594 1839 Alfradas
607 1755 646 1820 ab
661 1778 726 1821 aaa
739 1757 920 1843 aspritudine
936 1765 1063 1823 curatae

383 1855 417 1917 ln
431 1855 529 1919 allam
545 1856 689 1921 inciderit
700 1857 883 1942 praviorem.

211 1975 369 2055 Quodam
388 2000 471 2043 vero
498 1988 664 2062 tempore,
687 2000 765 2043 curn
790 1981 960 2050 vinstinctu
987 1980 1106 2045 divino

160 2076 370 2140 Cornubiam
396 2079 510 2158 gratia
533 2080 681 2142 venandi
705 2081 838 2143 veniret
863 2087 899 2143 et
924 2080 968 2142 ad
997 2080 1106 2144 eccle·

159 2177 247 2239 siam
269 2177 443 2257 quandam
469 2178 589 2241 orandi
612 2198 718 2242 causa
744 2179 954 2255 divertisset,
977 2180 1013 2241 in
1036 2197 1107 2261 qua

160 2269 320 2339 ¹sanctus
341 2276 481 2340 Gueriir
504 2285 714 2360 sanctusque
738 2277 899 2342 Neothus
923 2277 1106 2358 degebant,

160 2374 220 2437 diu
235 2377 343 2439 tacita
358 2378 394 2439 in
409 2377 564 2441 oratione
580 2384 787 2460 prostratus
805 2378 872 2442 Dei
888 2377 1106 2440 clementiam

161 2475 380 2556 precabatur,
409 2485 581 2558 quatenus
613 2479 789 2541 molestias
823 2477 1020 2541 infestantis
1053 2477 1107 2539 in·

161 2575 331 2637 commodi
355 2575 586 2658 qualicunque
609 2577 809 2641 infirmitate
831 2576 952 2640 leviori
969 2595 1107 2656 permu-

162 2681 264 2750 taret,
292 2675 343 2737 ita
369 2682 484 2738 tamen
512 2675 603 2756 quod
637 2676 699 2738 illa
722 2677 758 2739 in
783 2694 926 2756 corpore
954 2676 1108 2738 exterius

161 2792 230 2836 uon
254 2778 448 2855 appareret,
465 2795 507 2837 ne
525 2775 568 2837 ab
581 2774 776 2837 hominibus
794 2774 988 2854 despectior
1004 2771 1107 2837 babe-

162 2881 265 2937 retur.
320 2874 439 2937 Finita
455 2893 592 2955 quoque
618 2874 785 2950 oratione,
802 2881 954 2954 coeptum
970 2873 1037 2935 iter
1054 2891 1109 2934 ar·

163 2974 269 3054 ripult
292 2981 327 3037 et
349 2993 418 3035 non
444 2972 553 3036 multo
579 2980 658 3054 post
676 2981 841 3054 ternpore,
863 2980 903 3035 ut
919 2971 1034 3034 suerat
1049 2970 1109 3034 de·

164 3081 337 3154 precatus,
356 3074 400 3135 ab
425 3072 485 3135 illo
505 3071 623 3134 dolore
642 3072 780 3155 penitus
802 3078 855 3134 est
873 3069 1053 3134 absolutus
1075 3078 1110 3133 et

165 3171 209 3233 ad
235 3172 425 3253 perfectum
445 3172 563 3235 divina
589 3171 751 3252 largitate
777 3178 941 3250 curatus3
967 3169 1028 3232 sed
1050 3168 1111 3232 illa

164 3270 363 3334 infirmitate
381 3279 524 3348 remota,
541 3271 611 3334 alia
628 3271 736 3334 multo
759 3269 947 3346 molestior,
966 3267 1111 3331 affectus

165 3371 296 3433 scilicet
313 3371 523 3452 nuptiarum,
540 3372 638 3435 illum
650 3371 789 3447 invasit,
807 3389 886 3453 quae
905 3388 926 3432 a
943 3368 1112 3450 vigesimo

165 3471 279 3534 aetatis
295 3490 369 3533 suae
389 3490 480 3534 anno
503 3490 612 3553 usque
629 3471 673 3534 ad
690 3469 993 3553 quadragesimum
1011 3467 1111 3551 quin·

164 3578 237 3632 tum
255 3572 368 3652 ipsum
392 3571 643 3634 incessabiliter
657 3570 830 3651 fatigavit.
883 3568 926 3632 In
943 3570 1009 3633 boc
1025 3588 1111 3650 quo·
1125 3588 1238 3638 ermino

165 3688 232 3750 que
250 3671 479 3733 tentationum
497 3671 634 3733 turbine
661 3669 735 3732 nati
752 3677 834 3732 sunt
851 3670 882 3733 ei
900 3667 962 3731 filii
980 3675 1016 3731 et
1032 3667 1113 3730 filiae
1125 3639 1217 3680 ΔΜ

165 3769 206 3832 dc
235 3770 435 3851 supradicta
457 3771 579 3850 regina
600 3789 676 3845 sua,
700 3770 837 3831 nomine
859 3766 1031 3843 Aswitha,
1054 3767 1114 3848 qui

203 3939 210 3969 ¹
230 3940 335 3988 Sanctae
359 3937 486 4000 Gueriir,]
508 3939 552 3985 ‘in
577 3954 628 3999 qua
654 3938 757 3997 Guerir,
766 3937 816 3985 and
824 3936 906 3985 called
915 3934 1027 3983 afterbia
1035 3949 1118 3994 nume,

166 4015 269 4058 sanctus
276 4008 379 4069 Gueryr
389 4008 525 4069 requiescit
531 4014 556 4056 et
563 4023 629 4056 nunc
654 4022 709 4056 war
720 4006 785 4056 alter
795 4007 835 4054 bis
845 4006 928 4054 burial
943 4004 1013 4052 there
1025 4003 1118 4051 known

166 4081 241 4128 etiarn
278 4084 381 4126 sanctus
410 4078 509 4126 Neotus
536 4079 629 4126 ibidem
656 4060 742 4138 &the
755 4091 827 4125 name
835 4075 864 4123 oi
872 4077 899 4124 S.
907 4073 1007 4123 Neot's.
1023 4073 1117 4134 Spelm.

166 4148 283 4210 pausat?
312 4150 400 4206 Aeser,
427 4163 453 4208 p.
485 4150 525 4196 40.
577 4148 631 4196 The
657 4148 713 4196 Life
725 4147 754 4196 ot
762 4146 843 4195 Aelfr.
855 4161 882 4207 p.
896 4147 952 4193 139.
976 4177 978 4180 .

167 4218 270 4277 choreb,
293 4217 377 4266 before
400 4217 534 4266 dedicated
557 4223 583 4266 to
604 4218 631 4267 S.

218 4309 292 4355 vol..
322 4309 342 4354 1.
946 4305 970 4350 Y
