2888 4852
413 435 551 484 ruonns
574 435 843 484 nrsronmnun.
1040 420 1106 484 257

156 591 237 655 licet
254 611 330 656 sors
347 599 481 657 tantum
494 596 642 658 contulit
655 603 756 658 extra
770 594 890 658 domos
906 596 942 657 in
955 595 1105 676 pascuis,

155 698 195 754 ut
212 691 356 773 triginta
369 701 611 774 argenteorum
624 696 772 777 pretium
784 686 887 784 [non]
902 694 1104 772 excederot;

156 797 191 853 et
206 790 271 854 hoc
289 791 351 854 tali
366 791 528 874 largitate
545 794 706 869 obtinuit,
724 801 763 857 ut
779 793 822 857 de
839 813 948 875 regno
965 792 1106 874 Angliae

156 890 283 966 nullus,
301 891 438 973 publice
456 893 639 975 poenitonS,
662 913 725 974 pro
742 894 947 956 executione
967 894 1033 957 sibi
1051 893 1105 956 in-

150 989 283 1071 junctae
310 992 522 1072 poenitentiae
552 992 684 1056 subiret
714 993 868 1056 exilium.
922 991 1106 1056 Celebrate

154 1089 262 1170 igitur
291 1089 477 1154 donatione
508 1091 686 1172 praedicta,
714 1098 750 1155 et
777 1099 939 1173 suscepta
971 1091 1105 1154 confes-

155 1188 252 1251 sione
276 1206 298 1251 a
325 1208 417 1271 papa
448 1198 483 1254 et
513 1198 732 1272 peccatorum
761 1190 973 1266 remissione,
1000 1189 1103 1254 simul

155 1307 232 1350 cum
260 1289 384 1351 summi
412 1290 585 1370 pontificis
607 1291 857 1366 benedictione,
888 1290 932 1353 ed
964 1290 1105 1372 propria

155 1406 217 1450 rex
233 1388 438 1468 magnificus
454 1390 631 1453 remeavit.
1099 1438 1104 1450 ·

206 1485 305 1556 Tunc
324 1481 553 1570 ¹congregato
582 1488 673 1571 apud
700 1487 939 1552 Verolamium
969 1489 1237 1570 opimo-caunum

154 1605 275 1667 porum
302 1594 336 1650 et
359 1589 563 1668 optimatum
591 1607 731 1651 suorum
763 1588 921 1662 concilio,
949 1588 1104 1651 unanimi
1117 1566 1226 1606 γ’ὼ·

154 1687 304 1749 omnium
337 1705 506 1750 consensu
544 1694 580 1750 et
614 1688 795 1751 voluntate
826 1688 930 1750 beato
965 1686 1104 1752 Albano

154 1785 288 1867 amplas
307 1785 454 1849 contulit
482 1793 590 1849 terras
617 1794 652 1849 et
669 1780 922 1868 ²possessiones
946 1787 1104 1850 innume·

155 1903 224 1959 ras,
242 1903 329 1966 quas
349 1884 532 1966 multiplici
557 1886 755 1949 libertatum
781 1885 962 1968 privilegio
995 1886 1105 1966 insige

155 1983 253 2047 nivit.
307 1983 558 2047 Monachorum
583 2005 664 2048 vero
690 1993 897 2048 conventum
922 2004 965 2047 ex
995 1985 1104 2057 domi,-

155 2084 218 2146 bus
246 2084 333 2146 bene
364 2083 536 2165 religiosis
570 2084 614 2147 ad
642 2085 796 2149 tumbam
828 2085 989 2167 martyris
1020 2103 1104 2147 con·

155 2183 315 2264 gregavit
345 2190 381 2246 et
409 2184 570 2248 abbatem
608 2185 658 2247 eis
687 2184 824 2246 nomine
852 2177 1105 2263 ³Willegodum

155 2281 322 2365 praefecit,
349 2282 509 2347 cuicum
540 2285 617 2368 ipso
649 2282 860 2348 monasterio
885 2283 1002 2347 omnia
1022 2283 1105 2366 jura
1184 2349 1186 2352 Α

156 2383 289 2465 regalia
310 2385 490 2448 concessit.
544 2384 797 2448 Dominabatur
817 2382 897 2446 Offa
919 2403 981 2446 rex
1007 2402 1105 2464 mag·

156 2502 222 2546 nus
239 2483 275 2546 in
289 2483 412 2564 viginti
429 2485 539 2548 tribus
553 2484 752 2566 provinciiS,
766 2502 853 2566 quas
873 2482 978 2564 Angli
996 2481 1107 2545 ‘schi-

157 2582 234 2645 ras'
264 2583 454 2665 appellant,
485 2583 519 2646 id
552 2592 619 2659 est,
651 2584 687 2646 in
720 2581 981 2658 Herefordensi,
1007 2581 1107 2665 cujus

157 2682 339 2764 episcopus
363 2683 479 2746 sedem
506 2683 611 2746 habet
631 2683 666 2746 in
689 2683 808 2745 eadem
837 2683 942 2760 urbe;
968 2683 1004 2744 in
1026 2699 1107 2763 pro·

158 2781 280 2844 vinciis
298 2780 534 2862 Wigorniensi
557 2790 591 2846 et
607 2780 850 2856 Glovernensi,
867 2799 1012 2862 quarum
1035 2780 1108 2861 epi-

158 2898 284 2961 scopus
307 2880 422 2944 sedem
448 2882 553 2945 habet
578 2882 615 2944 in
640 2880 850 2962 Wigornia3
879 2880 916 2942 in
938 2878 1109 2943 warewi-

159 2978 264 3055 censi,
284 2977 474 3056 cestrensi,
499 2980 728 3056 Stasordensi,
753 2978 1049 3044 Scrobesberiensi
1074 2985 1110 3041 et

160 3078 374 3155 Derobiensi,
401 3099 547 3161 quarum
577 3080 761 3164 episcopus
791 3078 907 3142 sedem
937 3064 1043 3141 habet
1072 3077 1109 3141 in

196 3322 203 3352 ¹
225 3327 378 3387 Congregoto
400 3326 464 3388 opud
488 3325 619 3374 Verolomi-
632 3325 634 3355 ¹
645 3328 716 3386 patet
726 3324 769 3372 via
781 3323 813 3371 ab
825 3321 942 3383 aquilone
951 3320 1109 3373 venientibus

160 3396 222 3458 em]
235 3395 358 3457 Compare
366 3395 409 3443 the
416 3399 525 3443 account
532 3395 561 3443 os
569 3395 620 3443 this
645 3399 672 3442 et
682 3394 714 3442 ab
726 3398 813 3442 austro
824 3392 989 3441 redeuntibus
1000 3406 1111 3442 commu-

161 3464 377 3526 synod,lromthe
388 3465 446 3513 MS.
457 3464 501 3512 lile
513 3464 622 3525 osolla,
646 3465 685 3511 nis
713 3468 739 3512 et
767 3467 847 3511 strata
875 3461 1009 3524 generalis,
1041 3463 1112 3512 dicta

160 3536 187 3582 in
199 3535 326 3595 spelman,
337 3534 435 3583 Concil.
447 3550 473 3595 p.
487 3537 544 3581 314.
646 3531 883 3594 ’Ψηὶίἰης-υίῐεεί,’
898 3536 923 3579 et
943 3532 1013 3592 pium
1031 3533 1054 3580 ei
1073 3533 1112 3580 ri·

195 3602 205 3630 ¹
216 3603 381 3652 Possessiones
400 3596 563 3669 innumerae]
590 3600 622 3648 In
647 3602 763 3661 debatur,
774 3605 804 3649 ut
814 3615 900 3650 omnes
908 3602 1054 3650 itinerantes
1065 3602 1113 3650 ihl·

161 3673 256 3735 aiming
273 3677 298 3721 to
311 3673 343 3721 be
359 3687 388 3722 as
402 3673 501 3723 concise
518 3686 547 3720 us
564 3685 623 3732 pos·
648 3671 705 3720 dem
723 3673 794 3733 pium
814 3686 847 3720 ex
867 3671 920 3718 suis
945 3671 1112 3732 eleemosynis

161 3740 380 3803 sible‚Wendover
390 3742 437 3791 has
449 3742 508 3790 here
520 3740 623 3790 omitted
648 3741 804 3790 domicilium
813 3740 962 3801 invenirent,
971 3740 1054 3787 locum
1064 3741 1114 3802 igi·

161 3812 203 3861 the
215 3812 328 3871 motives,
339 3811 428 3874 highly
437 3811 624 3859 honourableto
649 3817 691 3860 tur
708 3815 870 3871 memoratum
891 3809 1006 3858 coenohio
1026 3810 1114 3859 addic-

161 3880 270 3941 himseli,
290 3881 323 3942 by
334 3881 418 3930 which
434 3881 495 3929 Offa
512 3895 566 3929 was
581 3880 623 3928 led
650 3886 712 3940 turn,
722 3880 866 3928 libertatum
882 3879 1018 3939 multiplici
1035 3880 1113 3942 insig-

162 3956 187 4000 to
206 3950 291 3999 enrich
309 3950 349 3999 bis
367 3966 424 3999 new
441 3951 523 4010 abbey
533 3963 541 4007 ;
561 3949 626 3998 aller
649 3951 713 3998 nisit
724 3948 875 4011 privilegio!

162 4020 204 4069 the
215 4019 287 4069 word
297 4019 473 4068 ‘innumeras'
485 4019 527 4066 the
539 4033 625 4067 narra·
684 4016 696 4048 ⁸
708 4017 890 4080 Willegodum]
904 4017 946 4066 He
953 4016 1014 4064 died
1022 4017 1113 4066 inreo.

162 4092 213 4139 tive
236 4091 258 4138 is
280 4090 424 4149 continued,
446 4088 625 4138 ‘considerans
652 4087 800 4148 Hislile‚by
808 4087 883 4135 Matt.
892 4087 977 4144 Paris,
985 4087 1006 4134 is
1015 4086 1114 4147 printed

163 4159 231 4221 quod
250 4159 344 4207 ibidem
367 4158 571 4218 eleemosynariis
589 4158 626 4204 vi·
652 4157 772 4217 byWata
780 4161 807 4204 at
818 4156 859 4205 the
867 4155 915 4205 end
922 4156 951 4204 of
959 4155 1001 4203 the
1010 4155 1116 4216 history,

165 4234 233 4292 geret
247 4228 416 4290 hospitalitas.
453 4227 520 4275 Nam
531 4226 626 4274 ibidem
652 4242 678 4288 p.
692 4230 732 4274 ⁸⁵.
1067 4216 1074 4228 “

216 4320 295 4366 V0h.
313 4320 336 4366 l.
946 4314 963 4360 S
