2888 4852
440 414 580 464 rnoans
604 415 870 465 nrsroamnuu.
1086 402 1131 465 65

178 587 270 632 mum
294 581 466 655 occupant
486 580 651 652 montem,
673 573 770 638 illum
801 572 866 657 pro
890 582 1005 638 castro
1031 573 1129 638 habi·

179 668 269 749 turi;
299 679 338 735 at
364 672 424 736 ubi
448 673 501 738 sol
526 682 685 757 posterus
711 674 801 738 diem
828 673 1034 751 reduxisset,
1062 673 1128 739 Ar·

177 767 300 833 thurus
315 790 393 835 cum
410 775 566 838 exercitu
587 794 652 839 suo
674 774 801 838 montis
818 793 982 838 cacumen
1005 793 1126 839 ascen·

177 867 253 949 dit;
282 871 344 934 sed
372 872 409 935 in
432 874 648 938 ascendendo
678 874 805 938 multos
832 894 973 939 suorum
999 876 1126 954 amisit,

177 967 337 1035 Saxones
353 991 503 1056 namque
519 994 564 1038 ex
578 975 651 1039 alto
668 982 887 1039 occurrentes
903 974 1038 1039 facilius
1052 976 1125 1041 vul·

178 1088 261 1134 nera
275 1070 490 1154 infligebant.
543 1074 704 1139 Britanni
727 1083 843 1140 tamen
868 1076 1022 1139 maxima
1044 1096 1124 1159 pro·

178 1169 287 1234 bitata
315 1190 480 1237 cacumen
504 1174 633 1239 montis
655 1174 785 1257 adepti,
810 1173 969 1239 hostibus
990 1183 1126 1258 strages

177 1270 364 1336 acerrimas
395 1273 621 1356 ingerebant3
651 1273 777 1357 quibus
800 1273 956 1339 Saxones
984 1283 1127 1357 pectora

177 1371 443 1451 praetendentes,
468 1374 561 1438 omni
589 1375 667 1438 nisu
697 1374 856 1439 resistere
888 1376 1125 1458 perstiterunt.

179 1468 337 1554 Cumque
361 1470 452 1538 diem
472 1474 509 1539 in
522 1474 696 1539 'cenando
722 1475 1029 1557 consumpsissent,
1057 1474 1126 1540 Ar·

179 1569 313 1649 thuriis,
324 1572 501 1638 abstracto
513 1567 719 1639 ¹Calibumo
733 1574 862 1657 gladio,
873 1593 998 1639 nomen
1013 1576 1125 1640 beatae

179 1669 305 1736 Mariae
321 1672 465 1755 virginis
487 1675 675 1752 invocavit,
688 1682 794 1758 atque
810 1675 880 1739 cito
895 1675 1027 1758 impetu
1049 1695 1126 1740 sese

178 1770 269 1834 infra
289 1771 414 1837 densas
436 1772 586 1839 hostium
608 1775 700 1840 acies
721 1775 922 1852 immittens,
940 1795 1126 1858 quemcun-

178 1890 244 1953 que
281 1872 478 1955 attingebat
498 1875 574 1939 solo
604 1875 677 1940 ictu
710 1875 922 1958 perimebat3
956 1895 1019 1939 nac
1051 1895 1125 1940 ces·

176 1970 270 2036 savit
289 1972 456 2055 impetum
473 1973 598 2052 facere,
613 1975 722 2040 donec
744 1974 963 2057 octingentos
977 1976 1127 2058 quadra·

178 2070 278 2152 ginta
305 2073 400 2137 viros
427 2074 503 2139 solo
535 2074 652 2157 gladio
682 2074 864 2139 interfecit.
917 2074 1126 2140 Ceciderunt

177 2171 269 2236 illico
287 2169 473 2255 colgrinns
487 2183 522 2239 et
540 2175 756 2258 Baldulphus
770 2173 878 2239 frater
891 2173 979 2259 ejus,
996 2182 1032 2238 et
1048 2195 1126 2239 cum

179 2272 228 2335 ais
246 2271 357 2338 multa
374 2273 483 2338 millia
497 2276 723 2341 barbarorum
739 2295 747 2355 ;
766 2283 804 2339 at
819 2274 1034 2352 (heldricus,
1050 2276 1126 2340 viso

179 2371 351 2437 sociorum
368 2374 532 2456 periculo,
552 2394 631 2440 cum
653 2374 806 2458 reliquiis
824 2375 997 2439 exercitus
1018 2374 1053 2437 iu
1072 2375 1126 2438 su·

178 2491 257 2552 gam
274 2492 463 2538 conversus
480 2484 545 2541 est.
596 2475 620 2540 J
623 2475 711 2540 ussit
727 2475 846 2558 itaque
872 2494 935 2539 rex
953 2474 1123 2538 Cadorem

179 2571 364 2637 cornubia
395 2574 518 2639 ducem
550 2575 629 2640 illos
667 2575 814 2657 insequi,
846 2575 906 2658 qui
939 2582 1127 2657 postremo,

179 2691 255 2737 cum
277 2672 363 2736 nihil
380 2676 560 2740 tutaminis
582 2675 820 2751 accessissent,
835 2674 996 2738 laceratis
1018 2675 1129 2755 agmi-

179 2774 279 2837 nibus
294 2771 433 2839 Thanet
449 2775 598 2840 insulam
614 2776 796 2858 petierunt.
851 2773 1051 2857 Insequitur
1067 2793 1126 2838 eos

178 2872 303 2938 ibidem
329 2872 414 2950 dux,
436 2895 499 2940 nec
526 2876 659 2958 quievit
681 2875 800 2951 donec,
827 2882 1006 2956 perempto
1022 2872 1125 2937 Chel-
1137 2895 1241 2986 affin

178 2973 285 3052 drico,
318 2980 462 3039 ceteros
490 2975 526 3039 in
558 2975 767 3041 deditionem
799 2973 944 3057 accepit.
995 2973 1127 3037 Eodem
1206 2957 1225 2986 ²

177 3091 268 3138 anno
287 3066 484 3139 'iohannes
497 3075 587 3141 sedit
608 3076 644 3141 in
666 3073 831 3140 cathedra
849 3073 1011 3138 Romana
1027 3074 1126 3137 annis

177 3172 323 3239 duobus.

362 3349 411 3412 Da
426 3357 541 3434 quarta
556 3349 687 3413 matoria
703 3349 782 3435 repis
797 3347 945 3411 Antaei.

227 3472 332 3538 Anno
350 3474 473 3556 gratiae
488 3490 598 3539 nxxr.
617 3474 774 3551 BoetiuS,
790 3474 896 3537 exilio
912 3472 1092 3554 fatigatus,
1107 3491 1128 3535 a
1141 3497 1250 3538 unm.

177 3571 405 3651 Theoderico,
420 3572 614 3639 Gothorum
629 3568 735 3656 ³rege,
754 3574 944 3656 perimitur.
998 3572 1128 3636 Eodem

177 3691 269 3737 armo
286 3674 482 3738 nuntiatum
497 3681 551 3738 est
565 3671 733 3751 Arthuro‚
745 3672 869 3738 Scotos
884 3681 990 3756 atque
1009 3671 1129 3735 Pictos

212 3879 362 3932 ¹Criibmo
370 3876 477 3950 gladia]
490 3882 640 3944 Presented‚
664 3882 804 3944 Scriptores
815 3881 920 3942 Decem,
932 3881 980 3932 col.
997 3885 1069 3931 11⁹4.

178 3952 314 4013 according
335 3956 361 4002 to
384 3951 517 4014 Hoveden,
539 3953 574 4014 by
595 3951 639 4000 Ri-
699 3948 865 4014 webrense]
883 3951 930 4000 See
948 3950 1129 4013 above,under

178 4022 256 4073 charri
273 4023 317 4071 the
328 4022 432 4072 Firstto
446 4023 561 4072 Tancred
577 4022 640 4084 king
665 4021 707 4070 the
718 4036 779 4083 year
790 4024 847 4070 tlt.

177 4094 208 4143 ci
223 4092 313 4154 Sicily,
331 4097 359 4141 at
376 4092 442 4142 their
460 4095 589 4142 interview
614 4093 639 4140 in
699 4090 791 4153 ⁸iiege
806 4089 958 4155 perimitur]
984 4088 1129 4148 According

178 4163 296 4223 mimia,
313 4163 338 4210 in
355 4163 398 4212 the
414 4165 560 4224 yearlltit.
592 4163 640 4211 Sca
666 4167 691 4211 to
703 4163 778 4211 Aimo
789 4160 818 4209 oi
826 4161 928 4221 fleury,
941 4159 1063 4209 Boethius
1074 4172 1129 4206 was

179 4235 234 4284 tiso
251 4233 312 4283 Joh.
329 4233 448 4282 Bronton
464 4232 556 4283 tunm.
577 4234 641 4282 inter
667 4236 713 4294 put
725 4237 750 4280 to
761 4231 837 4281 death
850 4232 875 4279 'm
887 4234 944 4279 sao.

231 4324 311 4371 von.
328 4325 352 4371 1.
959 4321 977 4365 Ρ
