2888 4852
348 407 421 473 302
604 421 740 473 noorai
763 424 811 474 nn
834 423 1042 477 wauoovun

348 581 561 647 successuris
577 581 768 665 virginibus
785 581 996 647 aeternaliter
1011 581 1300 664 amplectendum,

350 690 489 765 arrepta
505 683 675 746 novacula
692 702 813 746 nasum
831 682 1006 765 proprium
1025 701 1104 746 cum
1124 682 1221 748 labro
1244 700 1301 744 su-

350 782 477 864 periori
489 782 533 846 ad
547 781 667 846 dentes
681 801 791 865 usque
809 782 1013 866 praecidens,
1028 782 1233 846 horrendum
1256 781 1299 845 de

351 900 391 944 se
426 881 660 964 spectaculum
691 882 911 946 adstantibus
939 882 1089 964 praebuit
1114 882 1297 946 universis.

352 979 456 1059 Quod
476 982 606 1045 factum
631 982 852 1046 memorabile
877 1000 956 1045 cum
975 981 1201 1064 congregatio
1223 988 1300 1045 tota

350 1079 472 1144 videns
494 1080 734 1157 admiraretur,
748 1081 853 1145 simili
867 1080 910 1145 de
932 1101 971 1144 se
993 1100 1097 1163 opere
1113 1100 1135 1145 a
1150 1079 1298 1163 singulis

349 1188 561 1262 perpetrato,
576 1188 732 1244 materna
753 1188 837 1244 sunt
850 1181 999 1262 vestigia
1023 1180 1199 1245 insecutae.
1252 1178 1299 1245 Et

349 1277 405 1342 bis
419 1280 471 1343 ita
484 1280 605 1360 gestis,
621 1299 700 1343 cum
717 1298 818 1344 mane
832 1280 1019 1345 crastinum
1034 1279 1221 1357 illuxisset,
1238 1299 1297 1342 su·

348 1387 580 1461 pervenerunt
592 1380 731 1461 tyranni
745 1380 957 1462 nequissimi,
972 1379 1297 1444 utsoeminassanc·

348 1484 404 1542 tas
425 1486 461 1542 et
484 1479 561 1542 Deo
584 1478 729 1543 devotas
756 1479 904 1543 ludibrio
927 1479 1114 1556 traderent,
1137 1478 1298 1543 simulet

346 1576 462 1660 ipsum
476 1579 722 1643 monasterium
745 1579 931 1661 spoliatum
946 1577 1084 1660 ignibus
1100 1597 1298 1644 concrema·

347 1685 445 1758 rent;
471 1678 532 1742 sed
556 1677 806 1761 conspicientes
827 1678 1039 1743 abbatissam
1062 1679 1158 1743 illam
1182 1686 1218 1742 et
1242 1697 1300 1741 so·

347 1795 445 1842 rores
462 1778 617 1856 singulas
632 1784 704 1841 tam
720 1777 906 1841 enormiter
917 1777 1108 1855 mutilatas,
1122 1786 1158 1842 et
1179 1778 1216 1842 in
1233 1797 1296 1841 suo

349 1877 517 1958 sanguine
538 1896 560 1939 a
575 1877 697 1960 planta
713 1876 810 1960 pedis
831 1896 941 1959 usque
961 1877 1005 1941 ad
1022 1878 1186 1942 verticem
1201 1878 1298 1942 tabe·

347 1973 472 2053 factas,
487 1996 567 2041 curn
589 1976 810 2040 festinatione
836 1986 1051 2041 recesserunt
1067 1976 1110 2039 de
1127 1977 1203 2041 loco
1222 1977 1295 2053 illo,

347 2075 429 2140 dum
469 2076 570 2139 nimis
600 2077 743 2156 longum
782 2075 848 2139 sibi
879 2076 1055 2141 videretur
1085 2077 1141 2140 vel
1170 2077 1296 2140 ibidem

347 2176 452 2240 etiam
468 2195 529 2258 per
545 2177 650 2239 breve
667 2176 831 2257 temporis
848 2177 1000 2259 spatium
1018 2176 1210 2256 demorari;
1234 2176 1295 2240 sed

346 2273 427 2338 inde
443 2275 644 2339 recedentes
660 2273 765 2339 duces
785 2275 942 2357 praedicti
964 2283 1207 2358 praeceperunt
1222 2277 1296 2340 suis

346 2373 555 2446 satellitibus
586 2373 756 2451 nefandis,
791 2381 831 2437 ut
855 2374 983 2458 injecto
1010 2376 1092 2458 igne
1122 2384 1296 2440 monaste·

344 2473 432 2537 rium
451 2492 529 2537 cum
542 2473 701 2536 omnibus
718 2472 861 2537 officinis
876 2481 912 2538 et
925 2475 1011 2557 ipsis
1027 2475 1297 2540 sanctimoniali·

344 2573 410 2636 bus
434 2579 701 2637 concremarent.
753 2573 878 2655 Sicque
898 2576 1102 2638 executione
1124 2575 1296 2656 completa

346 2691 369 2736 a
380 2673 547 2736 ministris
569 2671 777 2754 iniquitatis,
798 2680 920 2737 sancta
936 2675 1112 2738 abbatissa
1126 2681 1162 2737 et
1176 2694 1295 2738 omnes

346 2791 423 2835 cum
450 2772 512 2835 illa
536 2772 688 2854 virgines
714 2774 944 2837 sanctissimae
968 2773 1013 2837 ad
1039 2774 1196 2856 martyrii
1219 2774 1296 2856 glo·

344 2872 432 2936 nam
448 2880 688 2954 pervenerunt.

496 3045 546 3108 Da
559 3043 725 3108 maltomaa
741 3043 921 3109 wambae
935 3043 1143 3110 cambiarum.

293 3194 322 3225 on
397 3167 444 3230 Et
465 3166 520 3231 his
543 3167 594 3232 ita
618 3169 738 3250 gestis,
764 3169 1025 3234 velificaverunt
1056 3170 1211 3235 infideles
1234 3193 1294 3237 ne-

214 3244 253 3325 ῗῗ,
288 3254 297 3264 '
346 3266 502 3349 quissimi
532 3287 594 3350 per
621 3269 726 3332 maris
756 3268 855 3332 littus
879 3289 1028 3347 sursum,
1060 3290 1206 3353 quaeque
1227 3273 1295 3336 sibi

346 3366 449 3431 obvia
473 3367 553 3448 igne
580 3367 831 3450 depopulantes
846 3376 881 3432 et
896 3368 998 3434 serro.
1052 3369 1095 3434 In
1117 3371 1182 3435 hac
1208 3391 1295 3454 quo·

345 3484 413 3547 que
437 3466 675 3548 persecutione
696 3464 866 3532 diabolica
884 3462 1078 3534 ¹destructa
1100 3471 1297 3536 reseruntur

345 3565 559 3630 nobilissima
587 3568 798 3631 monasteria
826 3569 863 3631 in
891 3570 1048 3651 margine
1076 3571 1181 3634 maris
1213 3572 1294 3650 sita,

344 3662 380 3727 id
395 3672 447 3728 est
464 3665 748 3730 Lindissarnense
772 3668 1030 3745 monachorum,
1046 3670 1081 3732 in
1102 3690 1171 3753 quo
1193 3671 1294 3737 sedes

345 3771 428 3829 tunc
444 3773 519 3829 erat
535 3766 755 3859 cathedralis,
766 3786 869 3849 quam
887 3769 1010 3833 beatus
1026 3769 1171 3833 antistes
1188 3770 1295 3834 Cuth-

343 3863 462 3928 bertus
486 3883 587 3928 sacra
617 3867 670 3930 sui
699 3868 854 3949 corporis
884 3869 1072 3950 praesentia
1094 3869 1297 3952 decoravit;

381 4072 534 4125 ¹Deatraatu
551 4075 690 4135 ramim
707 4074 806 4123 nubila-
832 4077 883 4125 tion
901 4077 930 4126 ol
943 4077 985 4126 the
1003 4079 1166 4127 monasterias
1176 4078 1239 4127 wilh
1250 4080 1294 4129 In·

343 4145 406 4195 aicta
423 4144 595 4210 materia]
623 4146 748 4208 Compare
764 4144 806 4194 the
833 4145 921 4208 gulpb.
942 4146 1012 4197 Hiat.
1033 4149 1098 4196 inter
1116 4148 1176 4198 lter.
1192 4149 1295 4212 anglic.

343 4215 473 4280 following
483 4220 590 4274 aeacum
600 4215 630 4265 oi
640 4214 682 4265 the
693 4216 806 4265 destruc·
833 4215 936 4278 Seriptt.
948 4216 1017 4268 vett.
1028 4217 1046 4267 i.
1059 4233 1086 4280 p.
1097 4221 1140 4282 22,
1151 4232 1216 4287 seqq.
