2888 4852
341 378 408 444 218
599 396 733 445 noonnr
757 396 805 443 nn
828 394 1036 445 wunnovnn

342 553 527 633 diligenter
543 552 733 629 exhortari,
751 559 791 615 ut
808 552 865 616 vel
890 559 974 617 tunc
996 549 1109 616 adhuc
1132 550 1168 614 in
1191 569 1294 615 earne

341 653 477 734 positus
500 652 543 715 ad
577 651 817 734 poenitentiam
848 651 998 730 rediret3
1031 651 1210 733 respondit
1234 650 1294 714 ille

342 751 542 833 desperans,
568 750 674 815 ‘Non
701 758 754 815 est
781 750 865 814 mihi
892 750 995 814 modo
1023 757 1161 832 tempus
1184 750 1292 815 ritum

342 851 510 928 mutandi,
532 870 611 915 oum
636 850 711 932 ipse
728 850 872 914 viderim
892 849 1061 933 judicium
1085 867 1199 912 meum
1217 848 1292 930 jam

341 969 419 1013 esse
447 949 655 1032 completum
674 947 693 1029 ;‘
725 957 761 1013 et
789 949 877 1013 talia
900 948 1032 1023 dicens,
1057 948 1132 1011 sine
1163 948 1292 1012 viatico

341 1047 501 1112 decessit.
554 1047 634 1112 Hoc
651 1067 789 1130 quoque
803 1047 933 1112 factum
950 1049 1054 1128 longe
1070 1047 1208 1128 lateque
1224 1044 1290 1108 dif-

340 1146 520 1223 famatum,
551 1147 679 1210 multos
709 1146 754 1210 ad
780 1146 951 1228 agendam
977 1153 1012 1210 et
1042 1165 1113 1209 non
1137 1143 1293 1209 differen-

341 1245 420 1309 dam
437 1247 606 1310 scelerum
623 1265 764 1309 suorum
781 1244 1023 1327 poenitentiam
1040 1245 1254 1327 provocavit.

512 1417 562 1480 De
575 1415 671 1481 stellis
685 1416 772 1481 eirea
786 1416 875 1481 solem
890 1416 1120 1502 apparentibus.

392 1537 496 1603 Anno
516 1541 640 1621 gratiae
668 1555 850 1603 ncoxxrx.
868 1547 1103 1622 apparuerunt
1123 1539 1216 1603 circa
1237 1557 1294 1603 so·

235 1636 274 1664 ⁰·
342 1636 409 1702 lem
437 1631 534 1702 ¹duae
556 1639 668 1702 stellae
694 1638 887 1715 horribiles,
914 1658 1059 1720 quarum
1084 1658 1156 1702 una
1186 1637 1294 1701 solem

342 1737 560 1819 praecedebat
584 1738 761 1814 orientem,
785 1745 820 1801 et
842 1737 952 1801 altera
974 1739 1183 1820 sequebatur
1204 1737 1295 1800 oeci·

342 1836 492 1914 dentem,
526 1837 626 1919 quasi
658 1837 783 1900 orienti
814 1835 917 1900 simul
947 1843 983 1900 et
1014 1836 1184 1903 occidenti
1209 1835 1294 1899 dirae

343 1935 451 2000 cladis
474 1954 656 2018 praesagae,
678 1936 734 1999 vel
754 1943 847 1999 certe
871 1954 941 1998 una
958 1935 1026 1998 diei
1049 1935 1159 1999 altera
1181 1935 1293 1999 noetis

341 2034 577 2116 praecurrebat
599 2043 771 2111 exortum,
791 2042 832 2098 ut
854 2043 1001 2116 utroque
1024 2043 1178 2116 tempore
1200 2034 1294 2098 mala

342 2133 548 2198 mortalibus
577 2133 754 2197 imminere
786 2134 1031 2214 significarent.
1099 2132 1294 2197 Portabant

342 2240 459 2297 autem
482 2232 610 2296 fascem
636 2234 727 2314 ignis
753 2239 875 2296 contra
901 2232 1109 2314 aquilonem,
1133 2232 1176 2296 ad
1202 2232 1292 2296 occi-

341 2331 479 2396 dentem
506 2332 684 2408 aeelivem,
713 2333 995 2414 apparebantque
1031 2350 1147 2395 mense
1180 2331 1292 2395 Jann·

340 2431 426 2509 ario,
453 2437 488 2494 et
512 2431 583 2494 iere
615 2450 682 2513 per
704 2430 778 2494 dies
806 2430 999 2514 quindecim
1033 2431 1292 2513 permanebant.

341 2528 422 2609 Quo
440 2537 594 2612 tempore
610 2530 817 2612 gravissima
833 2549 1048 2612 paganorum
1064 2531 1139 2593 lues
1157 2528 1292 2593 Gallias

339 2637 375 2693 et
397 2628 606 2712 Hispaniam
627 2629 813 2693 miserabili
839 2629 933 2692 caede
956 2630 1154 2707 vastabant,
1174 2629 1234 2692 sed
1257 2637 1293 2693 et

338 2728 406 2810 ipsi
429 2748 498 2792 non
520 2728 630 2792 multo
652 2735 733 2812 post
758 2729 794 2792 in
817 2728 937 2792 eadem
968 2729 1146 2811 provincia
1168 2729 1291 2810 dignas

338 2846 412 2891 snae
428 2827 581 2910 perfidiae
598 2846 721 2910 poenas
736 2828 977 2892 miserabiliter
987 2827 1138 2891 luebant.

677 3000 953 3085 Greporiuepopo.

175 3158 284 3200 mm,
388 3119 494 3187 Anno
516 3123 639 3204 gratiae
662 3141 832 3188 nocxxx.
849 3118 1060 3206 'Gregorius
1084 3143 1178 3207 papa
1201 3125 1292 3189 sedit

177 3211 269 3261 (ΜΠ
276 3210 318 3251 ¹¹¹·
339 3221 463 3286 Romae
481 3223 580 3285 annis
598 3222 727 3287 decem.
781 3224 912 3288 Eodem
925 3243 1016 3288 anno
1032 3244 1095 3288 rex
1110 3223 1289 3288 Northan-

175 3315 728 3391 arioman1humbrorum³0sricus
740 3321 906 3387 ceolwlfo
918 3343 1062 3404 regnum
1075 3343 1188 3400 suum,
1198 3324 1289 3407 quod

174 3392 325 3483 hhciiiihifn
337 3421 531 3503 quindecim
559 3422 659 3484 annis
685 3428 855 3500 tenuerat,
881 3423 1044 3505 reliquit;
1076 3422 1142 3486 suit
1172 3431 1288 3487 autern

338 3519 525 3585 ceolwlfus
551 3520 643 3584 filius
670 3521 806 3598 Cuthae,
831 3522 891 3604 qui
917 3523 984 3606 suit
1012 3522 1200 3599 Cuthwini,
1229 3524 1289 3606 qui

371 3759 458 3811 ¹Duoe
470 3758 570 3830 eleth]
587 3763 649 3812 This
660 3769 768 3813 account
778 3764 801 3812 is
860 3760 1040 3826 ’Gregoriuefl
1065 3764 1108 3814 the
1132 3765 1209 3816 third.
1246 3767 1289 3815 He

335 3831 398 3881 irom
416 3832 497 3893 Beda,
514 3830 527 3897 ξ
542 3837 600 3894 ets,
616 3834 698 3882 whom
716 3834 802 3883 Calvi·
825 3832 885 3882 died
897 3835 923 3881 in
936 3835 1125 3894 November,in
1136 3838 1194 3884 741.

336 3903 391 3951 sius
410 3902 473 3951 cites
492 3917 522 3951 as
537 3902 580 3952 the
596 3903 655 3964 only
672 3903 800 3965 authority
861 3897 1007 3971 'Oericua]
1044 3904 1116 3952 Beda
1137 3905 1224 3966 places
1248 3904 1289 3954 his

335 3971 663 4034 iorsnchnnnppearance.
681 3973 800 4022 Florenee
824 3971 901 4022 death
917 3988 949 4021 on
966 3976 982 4021 9
1000 3973 1063 4033 May
1078 3977 1143 4032 72⁹3
1165 3974 1207 4023 the
1226 3975 1288 4025 Sex.

336 4046 414 4091 stam
431 4041 487 4090 that
504 4042 526 4090 it
543 4043 602 4092 took
621 4044 694 4106 place
712 4043 738 4093 in
756 4043 799 4093 the
825 4040 920 4091 Cbron.
932 4048 984 4091 two
1000 4057 1074 4103 years
1092 4044 1288 4104 attaminata

336 4111 421 4162 mouth
432 4112 461 4161 ot
468 4111 594 4174 January.
824 4110 908 4161 which
919 4112 939 4159 it
950 4112 1004 4160 also
1015 4113 1116 4160 recorda
1132 4113 1174 4162 tho
1189 4128 1290 4162 sucees-

823 4181 879 4230 sion
890 4181 919 4230 ot
927 4181 1055 4245 eeotuult,
1064 4183 1115 4231 and
1125 4183 1166 4233 his
1176 4184 1288 4234 deseent.
