2888 4852
347 417 413 483 394
608 435 741 484 uocum
767 436 813 483 nn
836 433 1042 484 wannovna

350 593 444 656 diurn
459 595 618 659 venando
640 593 857 675 sublevaret3
880 594 1038 677 protinus
1056 614 1134 658 cum
1155 592 1189 657 in
1213 592 1305 658 silva

351 694 639 759 corniculantium
671 695 838 779 strepitus
871 696 1057 761 resonabat
1087 702 1305 772 venatorum,

351 794 567 877 latratusque
593 795 831 872 soscallorum,
854 795 955 859 multi
980 814 1160 860 cervorum
1183 794 1303 877 lugam

353 894 477 960 leviter
504 894 667 972 inierunt,
701 895 904 978 exquibus,
930 915 993 959 rex
1016 894 1112 959 solus
1143 914 1221 959 cum
1246 913 1305 959 ea·

351 1002 450 1059 terra
473 995 726 1078 insequentium
752 1015 889 1073 canum,
912 1014 1019 1058 unum
1043 995 1140 1060 mirae
1166 995 1302 1077 magni-

352 1096 481 1158 tudinis
495 1094 630 1177 insequi
646 1095 764 1178 coepit,
780 1115 882 1178 quem
896 1095 955 1159 diu
975 1114 1036 1178 per
1051 1095 1189 1160 diversa
1206 1094 1303 1159 loco-

352 1215 427 1257 rum
450 1195 550 1261 devia
575 1214 699 1259 canum
721 1196 879 1278 agilitate
900 1194 1097 1278 fatigatum,
1124 1195 1167 1259 ad
1190 1194 1301 1278 quod-

352 1294 430 1358 dam
448 1295 583 1377 praecisi
610 1296 736 1359 montis
762 1294 991 1379 praecipitium
1014 1295 1206 1377 impellens,
1232 1314 1302 1359 una

352 1412 428 1459 cum
454 1396 597 1459 canibus
621 1414 760 1460 cervum
786 1414 862 1459 sese
893 1395 1105 1478 praecipitem
1131 1396 1213 1458 dare
1243 1415 1302 1460 co·

352 1495 444 1577 egit3
478 1496 538 1578 qui
569 1515 688 1560 omnes
718 1496 849 1578 pariter
877 1515 922 1558 ex
951 1495 1022 1560 alto
1054 1495 1302 1559 descendentes

352 1596 504 1673 contriti,
520 1596 555 1658 in
573 1603 717 1660 mortam
735 1596 850 1660 subito
873 1602 1087 1660 corruerunt.
1140 1595 1221 1659 Rex
1239 1614 1302 1658 au-

353 1702 423 1759 tem
450 1715 587 1760 cervum
617 1703 652 1759 et
678 1714 782 1759 canes
805 1691 883 1759 curn
909 1715 1036 1779 magno
1051 1695 1201 1759 volantis
1223 1695 1305 1778 equi

351 1813 455 1859 cursu
476 1796 662 1873 insectans,
678 1796 754 1860 viso
778 1795 983 1879 praecipitio,
1000 1815 1126 1878 equum
1153 1795 1302 1859 retinere

352 1894 536 1973 laboravit,
558 1896 618 1960 sed
645 1897 809 1978 quoniam
832 1896 980 1959 effraenis
1006 1896 1153 1978 collique
1177 1903 1302 1960 contn-

352 1995 459 2059 macis
483 2004 558 2061 erat
575 2004 611 2061 et
625 1996 747 2079 rigidae
770 1997 926 2073 cervicis
948 1997 1060 2080 ipsum
1081 1997 1221 2060 omnino
1246 2015 1301 2059 re·

353 2095 498 2160 fraenare
527 2117 595 2161 non
613 2097 736 2174 valuit,
761 2097 854 2160 omni
877 2116 938 2179 spe
961 2096 1086 2159 salutis
1112 2096 1241 2173 ablata,
1264 2096 1301 2160 in

352 2196 531 2261 voluntate
560 2198 627 2262 Dei
651 2196 895 2279 omnipotentis
914 2214 1013 2260 suam
1036 2196 1186 2260 animam
1207 2215 1302 2260 com·

352 2296 558 2376 mandabat3
577 2296 741 2360 ‘Gratias
761 2297 848 2372 tibi,'
872 2296 997 2378 inquit,
1023 2300 1123 2379 ‘ago,
1152 2297 1302 2360 Domine

269 2455 273 2463 .
350 2395 374 2459 J
377 2415 437 2459 esu
456 2395 604 2473 Christe,
619 2396 712 2479 quod
729 2416 784 2460 me
800 2416 869 2460 non
892 2396 1031 2460 memini
1049 2396 1085 2459 in
1108 2395 1300 2460 hisdiebus

352 2489 517 2579 'aliquem
544 2497 676 2560 laesisse
697 2497 764 2559 nisi
787 2496 898 2559 solum
922 2496 1155 2574 Dunstanum,
1178 2504 1214 2561 et
1236 2496 1301 2560 hoc

350 2604 510 2679 prompta
525 2596 721 2673 devotione,
737 2616 899 2660 concesso
915 2595 999 2659 mihi
1015 2598 1142 2678 spatio,
1158 2597 1224 2661 sibi
1243 2616 1299 2661 me

350 2696 587 2775 reconcilians
612 2696 802 2761 emendabo
815 2697 836 2775 ς’
869 2697 913 2761 ad
943 2695 1007 2760 hoc
1035 2696 1177 2773 dictum,
1205 2698 1299 2761 beati

349 2797 414 2861 viri
441 2798 585 2874 meritis,
614 2798 743 2862 restitit
768 2816 877 2879 equus
903 2797 940 2860 in
966 2796 1087 2861 ultimo
1114 2796 1297 2879 praecipitii

348 2897 437 2975 loco,
457 2907 492 2962 et
507 2918 568 2962 rex
591 2899 626 2961 in
650 2916 688 2961 se
710 2898 872 2962 reductus
894 2916 957 2979 pro
981 2897 1200 2961 restitutione
1214 2899 1297 2961 vitea

348 3017 421 3062 suae
448 2999 524 3062 Deo
553 2999 685 3080 gratias
710 2997 900 3077 reserebat3
924 3004 959 3061 et
980 2997 1121 3061 veniens
1143 2997 1297 3075 domurn,

342 3097 449 3181 jussit
466 3098 532 3162 sibi
549 3100 686 3163 beatum
698 3098 920 3162 Dunstanum
935 3097 1151 3179 praesentari,
1166 3105 1201 3161 et
1218 3117 1297 3161 cum

347 3217 462 3262 coram
481 3219 561 3281 rege
576 3199 745 3263 adductus
766 3197 899 3274 fuisset,
914 3198 1074 3279 protinus
1096 3199 1295 3262 conscensis

346 3301 444 3381 equis
458 3299 562 3376 viam,
579 3319 656 3382 quae
681 3297 777 3362 ducit
799 3298 843 3361 ad
860 3297 1090 3374 Glastoniam‚
1109 3305 1203 3362 recto
1224 3305 1296 3362 tra·

345 3400 428 3463 mite
443 3407 638 3463 tenuerunt.
685 3398 858 3477 Quocum
874 3398 1110 3481 pervenissent
1128 3406 1163 3462 et
1176 3418 1296 3462 coeno-

345 3498 438 3561 bium
462 3498 610 3580 ingressi
627 3499 785 3575 luissent,
802 3498 1018 3581 apprehensa
1034 3498 1178 3562 dextera
1195 3498 1297 3561 Dun-

344 3598 437 3661 stani
469 3617 585 3675 manu,
617 3599 794 3663 osculatus
821 3606 875 3662 est
904 3618 993 3676 eam,
1021 3598 1218 3681 ducensque
1251 3598 1295 3662 ad

344 3698 458 3760 sedem
499 3698 742 3775 cathedralem,
773 3698 1068 3763 consentientibus
1105 3698 1296 3776 monachia,

343 3797 489 3861 illumin
506 3818 583 3863 cam
605 3818 749 3882 ponem,
767 3799 870 3876 dixit,
888 3799 998 3863 ‘Esto
1019 3798 1111 3861 sedis
1134 3797 1238 3883 hujus
1261 3807 1296 3864 et

374 4032 382 4064 ¹
398 4031 512 4096 Aliquem
520 4032 667 4082 maetenni
679 4068 686 4083 .
699 4069 706 4083 .
718 4033 806 4083 ,Durr-
833 4034 929 4082 meritis
944 4049 961 4083 a
978 4033 1097 4095 prasenti
1115 4039 1193 4084 morte
1213 4035 1298 4097 eripu-

342 4104 467 4167 etenum]
484 4105 548 4153 ‘nec
560 4104 729 4153 reminiscaris
741 4105 806 4166 inju·
833 4105 892 4164 eris,
913 4105 996 4166 quoad
1008 4106 1100 4166 vivam,
1120 4105 1238 4154 devotum
1255 4121 1295 4154 me

342 4175 434 4223 riarum
447 4175 514 4223 fideli
521 4181 565 4224 tuo
574 4174 707 4223 Dunstano
714 4189 759 4235 per
767 4190 806 4223 rue
832 4175 870 4223 tui
890 4177 996 4224 nominis
1009 4182 1035 4224 et
1052 4175 1121 4224 illius
1138 4176 1293 4226 laudatorem

341 4240 478 4306 illatarum,
489 4245 608 4306 quoniam
626 4247 648 4295 si
667 4246 807 4309 meipsius
832 4240 953 4295 habebis*
989 4246 1042 4295 vit.
1053 4261 1079 4307 p.
1092 4248 1148 4296 1⁰⁰.
