2902 5332
450 832 590 881 pronus
614 832 881 884 nrsnonmnuu.
1072 821 1138 911 597

184 985 380 1054 incredulos
398 991 433 1053 in
453 991 519 1054 lide
541 990 763 1055 confirmare:
782 990 889 1074 jussit
906 990 1022 1073 ignem
1042 992 1136 1074 copi·

185 1105 283 1151 osum
305 1090 341 1151 in
368 1089 479 1155 medio
503 1091 592 1154 aulae
616 1091 770 1168 accendi,
792 1098 840 1168 et,
867 1091 946 1174 pilis
968 1091 1137 1155 fiduciali-

186 1193 240 1250 ter
255 1188 405 1271 injectis,
423 1191 490 1273 ipsi
504 1191 681 1255 laesionem
698 1211 768 1255 non
782 1191 971 1255 sentientes
988 1191 1139 1255 incendii

186 1285 432 1353 debacchantis
449 1291 485 1353 in
506 1291 672 1374 majorem
687 1298 770 1354 sunt
789 1290 1040 1355 formositatem
1054 1310 1137 1354 con·

186 1387 288 1450 versi.
340 1388 440 1452 Tunc
456 1391 644 1465 comitissa,
661 1391 710 1453 rei
733 1391 1005 1472 magnitudinem
1028 1390 1137 1454 admi-

187 1503 280 1562 ranS,
297 1488 441 1569 capillos
457 1490 569 1553 sancti
586 1490 749 1572 martyris
771 1491 816 1552 ah
839 1490 997 1553 incendio
1019 1490 1137 1555 subla·

186 1590 242 1649 tos
265 1585 394 1650 honore
416 1589 599 1670 condigno,
617 1590 780 1672 episcopo
800 1590 965 1667 dictante,
986 1590 1138 1653 recondi·

186 1682 249 1760 dit,
272 1693 308 1749 et
327 1687 529 1769 simplicem,
547 1707 625 1770 quae
648 1689 692 1751 ad
713 1688 777 1752 hoc
799 1690 1035 1772 spectaculum
1054 1709 1137 1753 con-

186 1793 342 1862 venerat,
377 1788 515 1850 turbam
552 1788 588 1850 in
622 1786 806 1852 devotione
844 1788 938 1852 beati
975 1790 1137 1872 martyris

186 1883 424 1949 confirmatam
441 1887 535 1950 abire
553 1887 720 1969 permisit.

279 2057 430 2136 Quodam
453 2057 622 2124 Wallemer
635 2058 782 2144 quosdam
796 2058 877 2146 repis
893 2058 1050 2125 ministros

559 2169 765 2245 peremerant.

238 2280 366 2345 Eodem
390 2301 481 2346 anno
504 2282 576 2347 dux
600 2282 790 2358 Haroldus,
814 2283 849 2346 in
872 2291 965 2346 terra
981 2282 1136 2348 Wallen·
1151 2296 1250 2387 iffi

187 2379 276 2443 sium
290 2400 454 2463 magnum
472 2375 673 2447 ¹aedificium
689 2391 906 2459 construens,
923 2382 1045 2459 multa,
1060 2402 1138 2464 quae
1152 2397 1229 2437 wdes-

187 2480 231 2543 ad
260 2501 357 2544 esum
390 2482 575 2564 pertinent,
600 2482 664 2546 hoc
692 2483 807 2545 animo
837 2483 962 2545 ibidem
990 2483 1139 2564 paravit,

187 2587 227 2642 ut
244 2600 306 2644 rex
324 2582 538 2646 Eadwardus
562 2590 716 2664 tompore
739 2582 933 2645 venationis
958 2589 1076 2664 posset
1096 2583 1138 2646 il·

188 2678 243 2742 luc
270 2681 421 2745 animum
446 2682 648 2764 aliquandiu
671 2682 856 2760 delectari;
883 2682 943 2745 sed
968 2681 1138 2760 Craddoc,

188 2776 326 2843 Griffini
352 2781 455 2859 lilius,
476 2801 579 2864 quem
603 2802 694 2845 anno
714 2782 891 2864 praeterito
915 2782 1138 2847 exsulaverat

187 2874 424 2944 Haroldus²in
438 2881 527 2946 festo
539 2882 651 2947 sancti
662 2880 921 2958 Bartholomaei,
932 2881 1014 2944 illuc
1029 2880 1137 2946 hosti-

186 2976 264 3041 liter
280 2981 438 3057 accessit,
454 2988 489 3044 et
507 2982 683 3064 operarios
701 2982 771 3045 sere
794 2989 938 3045 cunctos
960 2989 995 3044 et
1018 3000 1137 3044 eorum

184 3080 371 3158 magistros
385 3079 570 3156 interfecit,
589 3080 748 3144 auferens
761 3080 877 3143 omnia
888 3099 966 3162 quae
981 3080 1025 3143 ad
1039 3100 1136 3144 esum

185 3175 321 3242 fuerant
338 3187 563 3259 congregata.

300 3350 349 3412 De
364 3349 504 3434 aequitio
512 3348 656 3432 filiorum
674 3349 820 3414 Godwini
830 3349 1013 3435 proditorie.

229 3467 403 3555 Contigit³
418 3482 532 3537 autem
549 3473 668 3537 eodem
685 3492 788 3551 anno,
801 3473 837 3537 in
849 3474 1034 3556 praesentia
1045 3473 1140 3557 regis
1150 3487 1281 3578 ss‘gffl

185 3572 379 3650 Eadwardi,
390 3572 813 3655 apudWyndeleshoram,
822 3573 913 3655 quod
924 3573 1066 3638 Tostius
1078 3593 1136 3638 co·

183 3692 255 3735 mes
284 3671 681 3749 Northanhumbrorum,
697 3674 828 3736 invidia
849 3672 987 3750 ductus,
1004 3672 1134 3739 Harol-

182 3770 264 3834 dum
290 3772 430 3836 fratrem
455 3792 568 3848 suum,
589 3772 671 3835 vina
697 3772 770 3853 regi
794 3774 1048 3855 propinantem,
1073 3794 1137 3856 per

182 3872 327 3953 capillos
351 3880 539 3954 arreptum,
555 3871 689 3936 cunctis
705 3872 749 3935 de
766 3872 898 3936 familia
915 3874 1006 3953 regis
1026 3872 1135 3937 admi·

181 3973 350 4048 rantibus,
367 3972 468 4036 nimis
491 3991 568 4036 eum
591 3971 774 4036 inhoneste
791 3979 979 4053 tractaret;
1003 3980 1040 4037 at
1057 3972 1135 4036 Ha·

217 4181 374 4250 ¹AEdr'ficium
383 4190 543 4253 colustrum]
556 4192 599 4238 ‘in
607 4191 645 4239 lo-
671 4196 729 4251 post
741 4191 807 4239 Bed.
819 4206 846 4252 p.
859 4194 916 4241 86⁷.
939 4191 1063 4252 Compare
1074 4193 1135 4244 Su.

181 4271 220 4317 co,
232 4256 276 4316 qui
288 4257 432 4306 Portascith
444 4255 554 4321 dicitur,'
566 4261 634 4309 Flor.
671 4252 765 4310 chron.
786 4261 837 4308 and
856 4260 923 4309 Flor.
944 4260 977 4308 ad
1000 4276 1041 4311 nn.
1061 4266 1135 4313 1⁰64.

217 4322 269 4372 'ln
275 4325 342 4384 sesto
353 4328 433 4375 suncti
441 4328 644 4394 Bartholomoei5]
671 4330 842 4391 Huntiugdon
855 4345 916 4391 says
928 4330 983 4378 that
999 4330 1050 4379 this
1062 4347 1137 4393 quar·

182 4394 225 4443 the
237 4395 297 4443 suh
309 4395 338 4443 os
346 4396 459 4458 August.
671 4400 707 4448 rel
724 4400 783 4448 took
796 4401 870 4461 place
887 4401 912 4447 in
930 4399 972 4448 the
990 4405 1137 4464 twenty-se·

215 4462 352 4527 ³Contigit
369 4471 448 4515 nutem
464 4468 544 4516 eodem
560 4463 643 4537 unm]
670 4469 735 4518 cond
758 4483 819 4530 year
837 4468 866 4518 oi
887 4469 1037 4519 Eadward's
1055 4474 1136 4535 reign,

180 4534 233 4583 The
252 4541 360 4583 account
377 4536 508 4599 following
526 4539 549 4584 is
567 4539 643 4588 taken
670 4539 754 4587 which
768 4539 823 4587 will
839 4554 914 4600 agree
927 4539 989 4588 with
1007 4540 1136 4593 theoder

177 4605 239 4653 from
253 4605 341 4667 Henry
355 4606 643 4671 Huntingdou,Scriptt.
670 4609 820 4660 authorities
831 4611 907 4660 cited.
