2888 4852
201 999 236 1039 ¹D·
247 999 303 1040 ¹⁰²⁸!
314 1006 319 1015 ,

194 1050 293 1090 ethronu

179 1099 231 1140 ΟΜ
235 1113 240 1146 ;

341 409 407 475 468
597 425 730 474 nouem
756 426 802 472 nn
826 424 1032 472 wnunovun

342 603 461 649 secure
485 585 617 649 veniret
645 585 688 648 ad
711 603 783 659 eos,
806 583 889 665 quia
910 581 956 645 ad
979 580 1077 644 illum
1099 578 1306 661 suscipien-

342 684 425 748 dum
442 703 560 749 omnes
573 685 744 748 inveniret
759 689 913 765 paratos.

439 857 527 938 Quod
540 879 594 921 rea
611 857 710 920 Canto
724 854 926 940 Norwepe'em
941 850 1002 918 stit
1017 850 1204 939 saljapaoit.

392 979 497 1045 Auno
522 982 644 1062 gratim
669 997 837 1044 mxxvru.
853 999 916 1042 rex
939 976 1134 1060 Anglorum
1161 976 1300 1054 Cnuto,

342 1101 419 1145 eum
444 1081 590 1144 navibus
606 1080 857 1162 quinquaginta
873 1079 910 1141 in
929 1076 1150 1159 Norwegiam
1173 1084 1297 1140 trans-

341 1187 474 1256 vectus,
500 1173 633 1261 ¹regem
651 1179 792 1243 Olafum
810 1197 832 1241 a
850 1197 957 1258 regno
977 1176 1124 1260 expulit,
1146 1183 1183 1239 et
1203 1175 1297 1239 illud

341 1278 574 1343 annuentibus
600 1279 665 1343 sibi
696 1277 915 1360 magnatibus
944 1276 1159 1360 subjugavit.
1223 1275 1298 1339 Eo·

340 1380 418 1442 dem
445 1398 537 1443 anno
558 1386 660 1443 natus
680 1385 735 1441 est
751 1371 951 1442 ²Marianus
971 1376 1107 1452 Scotus,
1130 1375 1190 1457 qui
1212 1382 1299 1438 tan-

341 1479 418 1542 dem
445 1477 585 1542 adultus
602 1485 636 1542 et
657 1479 693 1541 in
715 1477 839 1542 studiis
856 1475 1055 1540 liberalibus
1078 1474 1233 1538 eruditus
1250 1474 1296 1537 li-

340 1579 439 1642 brum
454 1578 698 1642 ‚chronicorum
716 1577 871 1659 digessit,
888 1583 923 1638 et
939 1576 1030 1639 inter
1048 1593 1167 1638 omues
1190 1573 1296 1638 ebro-

340 1678 537 1760 uograpbos
565 1697 686 1759 regum
711 1674 851 1758 Angliae
878 1683 978 1756 gesta
1008 1673 1176 1756 prolixius
1203 1675 1296 1737 scri-

340 1778 437 1853 bens,
454 1777 601 1841 servatis
613 1776 711 1840 annis
730 1775 923 1840 Dominicis
939 1775 982 1837 ab
997 1774 1204 1855 imperatore
1221 1772 1295 1836 Oe-

340 1878 482 1941 taviano
496 1874 658 1957 Augusto
672 1894 782 1958 usque
796 1873 839 1937 ad
856 1866 1179 1954 tempora³Henrici
1195 1873 1295 1953 regis

339 1974 535 2057 Anglorum
551 1975 663 2057 primi,
681 1974 855 2056 perduxit.

464 2147 553 2227 Quod
566 2169 620 2210 rea
636 2149 735 2211 Onuto
750 2148 784 2210 ia
798 2146 949 2230 Anpliom
964 2166 1099 2208 reversas
1112 2153 1164 2207 est.

390 2268 493 2335 Anno
520 2271 662 2336 Domini
689 2278 833 2334 mxxix.
857 2290 919 2333 rex
937 2268 1146 2350 Anglorum,
1164 2267 1291 2333 Dano-

341 2388 415 2432 rum
439 2378 475 2433 et
493 2370 781 2451 Norwegensium
798 2363 946 2446 ⁴Cnuto,
966 2368 1009 2432 ad
1025 2366 1189 2450 Angliam
1209 2368 1290 2431 red-

339 2463 429 2544 iens.
453 2469 647 2546 Haconem,
676 2469 849 2533 Danicum
868 2469 1040 2544 comitem,
1065 2469 1102 2531 in
1125 2467 1289 2530 exsilium

338 2569 443 2632 misit.
514 2567 649 2632 Habuit
682 2570 772 2631 enim
812 2588 954 2632 uxorem
991 2566 1179 2630 Gunildam
1218 2587 1293 2630 ma·

338 2675 474 2731 trouam
501 2669 662 2744 nobilem,
685 2667 889 2749 Wirtigerni
912 2667 1004 2748 regis
1025 2666 1232 2730 Windorum
1253 2676 1289 2731 et

338 2768 467 2831 sororis
493 2787 565 2831 snae
587 2768 705 2844 filiam,
729 2766 820 2830 nude
847 2768 1023 2829 metuebat
1042 2767 1087 2829 ab
1106 2765 1166 2830 illo
1183 2764 1241 2829 vel
1266 2786 1289 2830 a

338 2869 412 2930 vita
426 2867 556 2948 privari
569 2867 625 2930 vel
640 2886 662 2929 a
676 2886 784 2948 regno
802 2866 941 2948 expelli.

452 3042 502 3106 De
516 3041 680 3105 nativitate
699 3040 849 3105 Willelmi
863 3043 952 3107 decis
965 3041 1177 3108 Narmanniae.

386 3163 492 3228 Anno
515 3167 638 3246 gratiae
663 3183 791 3229 mxxx.
808 3165 996 3243 Robertus‚
1023 3166 1165 3231 Ricardi
1193 3165 1291 3230 Nor-

335 3284 539 3329 maunorum
566 3266 663 3328 ducis
691 3265 794 3342 filius,
818 3275 1001 3348 postquam
1027 3274 1158 3348 septem
1187 3268 1289 3330 annis

336 3364 561 3428 Normanniae
575 3365 739 3428 ducatum
755 3372 915 3447 potenter
929 3375 1079 3442 rexerat,
1089 3361 1216 3446 ⁵gratia
1228 3387 1288 3448 pe-

370 3577 376 3607 ¹
390 3582 482 3642 Regem
496 3581 593 3640 Obrsnm
608 3598 623 3629 o
640 3580 735 3644 regna]
754 3581 796 3631 He
822 3581 912 3643 Henry
923 3583 965 3632 the
979 3584 1093 3631 firstwas
1104 3583 1182 3631 about
1190 3588 1286 3647 twenty

333 3650 452 3698 returned
478 3655 504 3698 to
534 3651 645 3710 Norway
667 3652 693 3698 in
724 3656 796 3711 1030,
821 3667 894 3711 years
912 3654 954 3700 old
977 3658 1004 3701 at
1021 3653 1063 3702 the
1080 3652 1156 3701 death
1178 3653 1208 3701 oi
1227 3655 1287 3703 bla-

332 3718 407 3768 when
418 3719 449 3768 be
461 3735 515 3768 was
527 3725 573 3781 put
584 3725 610 3768 to
621 3720 696 3769 death
709 3721 796 3781 hythe
820 3723 916 3782 rienes,
928 3724 973 3770 but
984 3724 1029 3770 did
1041 3728 1083 3771 not
1090 3737 1232 3771 commence
1245 3724 1287 3773 bis

333 3790 515 3851 Norwegians;
534 3791 600 3838 Flor.
819 3793 889 3852 reign
902 3793 967 3839 until
982 3797 1053 3841 11⁰⁰.

368 3857 517 3908 'Moriuntur
528 3859 635 3922 Scaeva]
648 3858 690 3908 He
702 3859 762 3907 died
770 3865 797 3907 at
854 3861 965 3921 “Cardo,
987 3865 1018 3909 ud
1037 3861 1183 3924 Anguem]
1210 3863 1285 3911 From

332 3930 456 3990 Mayence
482 3931 509 3977 in
532 3933 604 3978 1⁰88.
652 3930 703 3979 His
724 3929 795 3977 ebro·
822 3930 950 3990 Plomma,
961 3932 994 3979 ad
1007 3946 1048 3980 en.
1061 3935 1133 3979 1⁰29.

331 3999 396 4048 niele
409 4000 471 4048 ends
483 4000 546 4047 with
558 3999 599 4048 the
612 4013 672 4058 year
686 4003 758 4057 108³,
770 4000 795 4045 in
854 3997 864 4025 ⁵
878 4001 969 4049 Gratia
978 4000 1184 4063 peregrinationis
1195 4001 1288 4049 Hiero-

330 4069 372 4117 tbe
390 4071 460 4130 reign
477 4069 506 4117 of
519 4068 562 4117 the
581 4083 695 4129 emperor
707 4069 795 4128 Henry
818 4070 953 4133 solymam]
972 4072 1095 4131 Compare
1107 4070 1169 4119 Gul.
1182 4069 1284 4122 Gemet.

330 4137 372 4186 the
385 4138 477 4187 fourth.
819 4137 850 4185 de
872 4139 981 4188 ducibus
999 4141 1086 4188 Norrn.
1104 4140 1145 4188 ed.
1159 4139 1285 4202 Cumden,

364 4204 492 4255 'Henricr'
518 4207 586 4268 regis
606 4242 612 4256 .
629 4242 661 4255 ..
686 4206 794 4270 primi]
818 4222 844 4267 p.
856 4212 913 4257 648.
