<?xml version="1.0" encoding="UTF-8"?>
<!DOCTYPE html PUBLIC "-//W3C//DTD XHTML 1.0 Transitional//EN"
    "http://www.w3.org/TR/xhtml1/DTD/xhtml1-transitional.dtd">
<html xmlns="http://www.w3.org/1999/xhtml" xml:lang="en" lang="en">
 <head>
  <title>
</title>
<meta http-equiv="Content-Type" content="text/html;charset=utf-8" />
  <meta name='ocr-system' content='tesseract 3.04.00' />
  <meta name='ocr-capabilities' content='ocr_page ocr_carea ocr_par ocr_line ocrx_word'/>
</head>
<body>
  <div class='ocr_page' id='page_1' title='image "./rogeridewendove04rogegoog_0339.png"; bbox 0 0 2888 4852; ppageno 0'>
   <div class='ocr_carea' id='block_1_1' title="bbox 162 985 311 1076">
    <p class='ocr_par' dir='ltr' id='par_1_1' title="bbox 162 985 311 1076">
     <span class='ocr_line' id='line_1_1' title="bbox 164 985 274 1026; baseline -0.009 0"><span class='ocrx_word' id='word_1_1' title='bbox 164 985 218 1026; x_wconf 63' lang='lat' dir='ltr'><strong>ab.</strong></span> <span class='ocrx_word' id='word_1_2' title='bbox 228 986 274 1026; x_wconf 74' lang='lat' dir='ltr'><strong>m.</strong></span> 
     </span>
     <span class='ocr_line' id='line_1_2' title="bbox 162 1036 311 1076; baseline 0 0"><span class='ocrx_word' id='word_1_3' title='bbox 162 1037 183 1076; x_wconf 76' lang='grc' dir='ltr'><strong>Β.</strong></span> <span class='ocrx_word' id='word_1_4' title='bbox 195 1036 311 1076; x_wconf 73' lang='lat' dir='ltr'><strong>swithuno.</strong></span> 
     </span>
    </p>
   </div>
   <div class='ocr_carea' id='block_1_2' title="bbox 320 393 1012 486">
    <p class='ocr_par' dir='ltr' id='par_1_2' title="bbox 320 393 1012 486">
     <span class='ocr_line' id='line_1_3' title="bbox 320 393 1012 486; baseline 0.004 -29"><span class='ocrx_word' id='word_1_5' title='bbox 320 393 387 486; x_wconf 78' lang='grc'><strong>296</strong></span> <span class='ocrx_word' id='word_1_6' title='bbox 576 410 711 458; x_wconf 73' lang='lat' dir='ltr'><strong>nostru</strong></span> <span class='ocrx_word' id='word_1_7' title='bbox 736 412 782 459; x_wconf 83' lang='lat' dir='ltr'><strong>nu</strong></span> <span class='ocrx_word' id='word_1_8' title='bbox 805 411 1012 461; x_wconf 77' lang='lat' dir='ltr'><strong>wusnorus</strong></span> 
     </span>
    </p>
   </div>
   <div class='ocr_carea' id='block_1_3' title="bbox 322 561 1271 751">
    <p class='ocr_par' dir='ltr' id='par_1_3' title="bbox 322 561 1271 751">
     <span class='ocr_line' id='line_1_4' title="bbox 322 561 1271 663; baseline 0.005 -32"><span class='ocrx_word' id='word_1_9' title='bbox 322 567 485 663; x_wconf 86' lang='lat' dir='ltr'><strong>defuncto</strong></span> <span class='ocrx_word' id='word_1_10' title='bbox 502 561 695 645; x_wconf 89' lang='lat' dir='ltr'><strong>¹Rethuuo,</strong></span> <span class='ocrx_word' id='word_1_11' title='bbox 724 568 985 650; x_wconf 85' lang='lat' dir='ltr'><strong>Legecestrensi</strong></span> <span class='ocrx_word' id='word_1_12' title='bbox 1007 571 1183 653; x_wconf 88' lang='lat' dir='ltr'><strong>pontifice,</strong></span> <span class='ocrx_word' id='word_1_13' title='bbox 1209 569 1271 636; x_wconf 89' lang='lat' dir='ltr'><strong>Al-</strong></span> 
     </span>
     <span class='ocr_line' id='line_1_5' title="bbox 322 667 1043 751; baseline 0.001 -20"><span class='ocrx_word' id='word_1_14' title='bbox 322 667 447 731; x_wconf 89' lang='lat' dir='ltr'><strong>dredus</strong></span> <span class='ocrx_word' id='word_1_15' title='bbox 457 667 500 730; x_wconf 88' lang='lat' dir='ltr'><strong>in</strong></span> <span class='ocrx_word' id='word_1_16' title='bbox 517 669 754 751; x_wconf 91' lang='lat' dir='ltr'><strong>episcopatum</strong></span> <span class='ocrx_word' id='word_1_17' title='bbox 769 669 947 736; x_wconf 87' lang='lat' dir='ltr'><strong>successit.</strong></span> <span class='ocrx_word' id='word_1_18' title='bbox 1039 704 1043 713; x_wconf 93' lang='lat'>·</span> 
     </span>
    </p>
   </div>
   <div class='ocr_carea' id='block_1_4' title="bbox 600 840 951 906">
    <p class='ocr_par' dir='ltr' id='par_1_4' title="bbox 600 840 951 906">
     <span class='ocr_line' id='line_1_6' title="bbox 600 840 951 906; baseline -0.003 0"><span class='ocrx_word' id='word_1_19' title='bbox 600 843 650 906; x_wconf 79' lang='lat' dir='ltr'><strong>Da</strong></span> <span class='ocrx_word' id='word_1_20' title='bbox 664 851 767 906; x_wconf 81' lang='lat' dir='ltr'><strong>sancto</strong></span> <span class='ocrx_word' id='word_1_21' title='bbox 782 840 951 906; x_wconf 73' lang='lat' dir='ltr'><strong>Stritlaoo.</strong></span> 
     </span>
    </p>
   </div>
   <div class='ocr_carea' id='block_1_5' title="bbox 325 960 1274 2144">
    <p class='ocr_par' dir='ltr' id='par_1_5' title="bbox 325 960 1274 2144">
     <span class='ocr_line' id='line_1_7' title="bbox 375 960 1271 1045; baseline 0.001 -15"><span class='ocrx_word' id='word_1_22' title='bbox 375 964 480 1031; x_wconf 89' lang='lat' dir='ltr'><strong>Anno</strong></span> <span class='ocrx_word' id='word_1_23' title='bbox 503 968 644 1031; x_wconf 89' lang='lat' dir='ltr'><strong>Domini</strong></span> <span class='ocrx_word' id='word_1_24' title='bbox 670 969 851 1031; x_wconf 79' lang='lat' dir='ltr'><strong>ncccuxlt.</strong></span> <span class='ocrx_word' id='word_1_25' title='bbox 875 960 1035 1030; x_wconf 74' lang='lat' dir='ltr'><strong>²sauctus</strong></span> <span class='ocrx_word' id='word_1_26' title='bbox 1059 966 1271 1045; x_wconf 86' lang='lat' dir='ltr'><strong>Switbunus,</strong></span> 
     </span>
     <span class='ocr_line' id='line_1_8' title="bbox 327 1064 1273 1149; baseline 0.002 -19"><span class='ocrx_word' id='word_1_27' title='bbox 327 1064 498 1131; x_wconf 84' lang='lat' dir='ltr'><strong>Ventanae</strong></span> <span class='ocrx_word' id='word_1_28' title='bbox 528 1067 680 1131; x_wconf 88' lang='lat' dir='ltr'><strong>civitatis</strong></span> <span class='ocrx_word' id='word_1_29' title='bbox 712 1067 906 1149; x_wconf 89' lang='lat' dir='ltr'><strong>episcopus,</strong></span> <span class='ocrx_word' id='word_1_30' title='bbox 937 1067 1101 1148; x_wconf 85' lang='lat' dir='ltr'><strong>migravit</strong></span> <span class='ocrx_word' id='word_1_31' title='bbox 1131 1067 1175 1131; x_wconf 90' lang='lat' dir='ltr'><strong>ad</strong></span> <span class='ocrx_word' id='word_1_32' title='bbox 1198 1068 1273 1132; x_wconf 90' lang='lat' dir='ltr'><strong>Do·</strong></span> 
     </span>
     <span class='ocr_line' id='line_1_9' title="bbox 325 1159 1273 1243; baseline 0.003 -14"><span class='ocrx_word' id='word_1_33' title='bbox 325 1166 467 1231; x_wconf 87' lang='lat' dir='ltr'><strong>minum.</strong></span> <span class='ocrx_word' id='word_1_34' title='bbox 514 1159 604 1231; x_wconf 75' lang='lat' dir='ltr'><strong>³Hic</strong></span> <span class='ocrx_word' id='word_1_35' title='bbox 630 1166 684 1230; x_wconf 90' lang='lat' dir='ltr'><strong>vir</strong></span> <span class='ocrx_word' id='word_1_36' title='bbox 711 1174 866 1243; x_wconf 89' lang='lat' dir='ltr'><strong>sanctus,</strong></span> <span class='ocrx_word' id='word_1_37' title='bbox 896 1166 977 1230; x_wconf 89' lang='lat' dir='ltr'><strong>dum</strong></span> <span class='ocrx_word' id='word_1_38' title='bbox 1007 1166 1119 1230; x_wconf 92' lang='lat' dir='ltr'><strong>adbuc</strong></span> <span class='ocrx_word' id='word_1_39' title='bbox 1151 1168 1273 1232; x_wconf 82' lang='lat' dir='ltr'>vivens</span> 
     </span>
     <span class='ocr_line' id='line_1_10' title="bbox 325 1265 1274 1350; baseline 0.003 -22"><span class='ocrx_word' id='word_1_40' title='bbox 325 1265 509 1329; x_wconf 89' lang='lat' dir='ltr'><strong>multarum</strong></span> <span class='ocrx_word' id='word_1_41' title='bbox 526 1274 618 1330; x_wconf 86' lang='lat' dir='ltr'><strong>esset</strong></span> <span class='ocrx_word' id='word_1_42' title='bbox 634 1284 812 1350; x_wconf 86' lang='lat' dir='ltr'>possessor</span> <span class='ocrx_word' id='word_1_43' title='bbox 828 1266 1007 1342; x_wconf 89' lang='lat' dir='ltr'><strong>virtutum,</strong></span> <span class='ocrx_word' id='word_1_44' title='bbox 1024 1266 1196 1349; x_wconf 85' lang='lat' dir='ltr'><strong>praecipue</strong></span> <span class='ocrx_word' id='word_1_45' title='bbox 1219 1275 1274 1331; x_wconf 89' lang='lat' dir='ltr'><strong>ta·</strong></span> 
     </span>
     <span class='ocr_line' id='line_1_11' title="bbox 325 1353 1272 1449; baseline 0.005 -22"><span class='ocrx_word' id='word_1_46' title='bbox 325 1383 404 1428; x_wconf 92' lang='lat' dir='ltr'><strong>men</strong></span> <span class='ocrx_word' id='word_1_47' title='bbox 429 1353 611 1430; x_wconf 85' lang='lat' dir='ltr'><strong>clementia</strong></span> <span class='ocrx_word' id='word_1_48' title='bbox 630 1373 666 1430; x_wconf 88' lang='lat' dir='ltr'><strong>at</strong></span> <span class='ocrx_word' id='word_1_49' title='bbox 681 1365 875 1429; x_wconf 86' lang='lat' dir='ltr'><strong>humilitate</strong></span> <span class='ocrx_word' id='word_1_50' title='bbox 898 1364 1063 1447; x_wconf 90' lang='lat' dir='ltr'><strong>pollebat.</strong></span> <span class='ocrx_word' id='word_1_51' title='bbox 1116 1364 1272 1449; x_wconf 82' lang='lat' dir='ltr'><strong>Contigit</strong></span> 
     </span>
     <span class='ocr_line' id='line_1_12' title="bbox 326 1464 1272 1549; baseline 0.002 -21"><span class='ocrx_word' id='word_1_52' title='bbox 326 1473 441 1529; x_wconf 85' lang='lat' dir='ltr'><strong>autem</strong></span> <span class='ocrx_word' id='word_1_53' title='bbox 470 1474 624 1549; x_wconf 89' lang='lat' dir='ltr'><strong>tempore</strong></span> <span class='ocrx_word' id='word_1_54' title='bbox 646 1465 796 1549; x_wconf 89' lang='lat' dir='ltr'><strong>quodam</strong></span> <span class='ocrx_word' id='word_1_55' title='bbox 827 1464 918 1528; x_wconf 91' lang='lat' dir='ltr'><strong>hunc</strong></span> <span class='ocrx_word' id='word_1_56' title='bbox 944 1464 1011 1528; x_wconf 82' lang='lat' dir='ltr'><strong>Dei</strong></span> <span class='ocrx_word' id='word_1_57' title='bbox 1038 1464 1205 1529; x_wconf 83' lang='lat' dir='ltr'><strong>famulum</strong></span> <span class='ocrx_word' id='word_1_58' title='bbox 1228 1467 1272 1530; x_wconf 88' lang='lat' dir='ltr'><strong>ad</strong></span> 
     </span>
     <span class='ocr_line' id='line_1_13' title="bbox 325 1564 1272 1647; baseline 0.002 -20"><span class='ocrx_word' id='word_1_59' title='bbox 325 1573 465 1647; x_wconf 91' lang='lat' dir='ltr'><strong>pontem</strong></span> <span class='ocrx_word' id='word_1_60' title='bbox 491 1565 585 1628; x_wconf 91' lang='lat' dir='ltr'><strong>urbis</strong></span> <span class='ocrx_word' id='word_1_61' title='bbox 608 1565 780 1629; x_wconf 80' lang='lat' dir='ltr'><strong>Ventauae</strong></span> <span class='ocrx_word' id='word_1_62' title='bbox 796 1583 882 1628; x_wconf 56' lang='lat' dir='ltr'><strong>,cum</strong></span> <span class='ocrx_word' id='word_1_63' title='bbox 908 1564 1074 1647; x_wconf 85' lang='lat' dir='ltr'><strong>operariis</strong></span> <span class='ocrx_word' id='word_1_64' title='bbox 1104 1565 1192 1629; x_wconf 85' lang='lat' dir='ltr'><strong>sorte</strong></span> <span class='ocrx_word' id='word_1_65' title='bbox 1216 1585 1272 1630; x_wconf 92' lang='lat' dir='ltr'><strong>se-</strong></span> 
     </span>
     <span class='ocr_line' id='line_1_14' title="bbox 325 1663 1271 1747; baseline 0.002 -20"><span class='ocrx_word' id='word_1_66' title='bbox 325 1663 418 1741; x_wconf 84' lang='lat' dir='ltr'><strong>dere,</strong></span> <span class='ocrx_word' id='word_1_67' title='bbox 435 1672 474 1728; x_wconf 94' lang='lat' dir='ltr'><strong>nt</strong></span> <span class='ocrx_word' id='word_1_68' title='bbox 491 1684 564 1728; x_wconf 86' lang='lat' dir='ltr'><strong>suae</strong></span> <span class='ocrx_word' id='word_1_69' title='bbox 586 1665 753 1729; x_wconf 88' lang='lat' dir='ltr'><strong>instantia</strong></span> <span class='ocrx_word' id='word_1_70' title='bbox 775 1665 969 1747; x_wconf 78' lang='lat' dir='ltr'><strong>prasentiae</strong></span> <span class='ocrx_word' id='word_1_71' title='bbox 985 1663 1150 1728; x_wconf 85' lang='lat' dir='ltr'>desidiam</span> <span class='ocrx_word' id='word_1_72' title='bbox 1173 1665 1271 1729; x_wconf 87' lang='lat' dir='ltr'><strong>labo·</strong></span> 
     </span>
     <span class='ocr_line' id='line_1_15' title="bbox 325 1764 1271 1847; baseline 0.001 -20"><span class='ocrx_word' id='word_1_73' title='bbox 325 1764 476 1827; x_wconf 91' lang='lat' dir='ltr'><strong>rantium</strong></span> <span class='ocrx_word' id='word_1_74' title='bbox 499 1771 723 1847; x_wconf 84' lang='lat' dir='ltr'><strong>provocaret3</strong></span> <span class='ocrx_word' id='word_1_75' title='bbox 756 1771 792 1828; x_wconf 92' lang='lat' dir='ltr'><strong>et</strong></span> <span class='ocrx_word' id='word_1_76' title='bbox 819 1783 899 1828; x_wconf 86' lang='lat' dir='ltr'><strong>ecca</strong></span> <span class='ocrx_word' id='word_1_77' title='bbox 931 1784 993 1846; x_wconf 91' lang='lat' dir='ltr'><strong>per</strong></span> <span class='ocrx_word' id='word_1_78' title='bbox 1013 1771 1154 1846; x_wconf 91' lang='lat' dir='ltr'><strong>pontem</strong></span> <span class='ocrx_word' id='word_1_79' title='bbox 1178 1784 1271 1829; x_wconf 93' lang='lat' dir='ltr'><strong>com-</strong></span> 
     </span>
     <span class='ocr_line' id='line_1_16' title="bbox 325 1858 1271 1948; baseline 0.003 -23"><span class='ocrx_word' id='word_1_80' title='bbox 325 1864 464 1927; x_wconf 82' lang='lat' dir='ltr'><strong>meabat</strong></span> <span class='ocrx_word' id='word_1_81' title='bbox 489 1863 525 1927; x_wconf 92' lang='lat' dir='ltr'><strong>in</strong></span> <span class='ocrx_word' id='word_1_82' title='bbox 550 1858 667 1948; x_wconf 87' lang='lat' dir='ltr'><strong>urbem</strong></span> <span class='ocrx_word' id='word_1_83' title='bbox 694 1864 836 1927; x_wconf 86' lang='lat' dir='ltr'><strong>foemina</strong></span> <span class='ocrx_word' id='word_1_84' title='bbox 859 1882 965 1927; x_wconf 87' lang='lat' dir='ltr'><strong>causa</strong></span> <span class='ocrx_word' id='word_1_85' title='bbox 991 1864 1198 1941; x_wconf 86' lang='lat' dir='ltr'><strong>commercii,</strong></span> <span class='ocrx_word' id='word_1_86' title='bbox 1221 1865 1271 1928; x_wconf 86' lang='lat' dir='ltr'><strong>fe·</strong></span> 
     </span>
     <span class='ocr_line' id='line_1_17' title="bbox 325 1962 1273 2046; baseline 0.003 -21"><span class='ocrx_word' id='word_1_87' title='bbox 325 1981 404 2026; x_wconf 86' lang='lat' dir='ltr'><strong>rens</strong></span> <span class='ocrx_word' id='word_1_88' title='bbox 416 1983 496 2040; x_wconf 85' lang='lat' dir='ltr'><strong>ova,</strong></span> <span class='ocrx_word' id='word_1_89' title='bbox 512 1963 669 2046; x_wconf 91' lang='lat' dir='ltr'><strong>adquam</strong></span> <span class='ocrx_word' id='word_1_90' title='bbox 685 1962 901 2045; x_wconf 84' lang='lat' dir='ltr'><strong>prosilientes</strong></span> <span class='ocrx_word' id='word_1_91' title='bbox 913 1962 1063 2045; x_wconf 90' lang='lat' dir='ltr'><strong>undique</strong></span> <span class='ocrx_word' id='word_1_92' title='bbox 1077 1968 1273 2046; x_wconf 83' lang='lat' dir='ltr'><strong>operantes,</strong></span> 
     </span>
     <span class='ocr_line' id='line_1_18' title="bbox 325 2062 1272 2144; baseline 0.003 -19"><span class='ocrx_word' id='word_1_93' title='bbox 325 2070 366 2126; x_wconf 93' lang='lat' dir='ltr'><strong>ut</strong></span> <span class='ocrx_word' id='word_1_94' title='bbox 388 2083 462 2126; x_wconf 91' lang='lat' dir='ltr'><strong>mos</strong></span> <span class='ocrx_word' id='word_1_95' title='bbox 490 2070 544 2127; x_wconf 90' lang='lat' dir='ltr'><strong>est</strong></span> <span class='ocrx_word' id='word_1_96' title='bbox 560 2062 754 2127; x_wconf 90' lang='lat' dir='ltr'><strong>hominibus</strong></span> <span class='ocrx_word' id='word_1_97' title='bbox 779 2062 872 2126; x_wconf 93' lang='lat' dir='ltr'><strong>illius</strong></span> <span class='ocrx_word' id='word_1_98' title='bbox 896 2063 1044 2144; x_wconf 86' lang='lat' dir='ltr'><strong>generis,</strong></span> <span class='ocrx_word' id='word_1_99' title='bbox 1070 2072 1105 2127; x_wconf 91' lang='lat' dir='ltr'><strong>et</strong></span> <span class='ocrx_word' id='word_1_100' title='bbox 1131 2082 1272 2128; x_wconf 89' lang='lat' dir='ltr'><strong>accessu</strong></span> 
     </span>
    </p>
   </div>
   <div class='ocr_carea' id='block_1_6' title="bbox 307 2162 1273 2244">
    <p class='ocr_par' dir='ltr' id='par_1_6' title="bbox 307 2162 1273 2244">
     <span class='ocr_line' id='line_1_19' title="bbox 307 2162 1273 2244; baseline 0.003 -19"><span class='ocrx_word' id='word_1_101' title='bbox 307 2191 309 2194; x_wconf 46' lang='lat'><em>⁴</em></span> <span class='ocrx_word' id='word_1_102' title='bbox 324 2163 507 2244; x_wconf 81' lang='lat' dir='ltr'><strong>petulanti,</strong></span> <span class='ocrx_word' id='word_1_103' title='bbox 524 2163 640 2226; x_wconf 90' lang='lat' dir='ltr'><strong>omnia</strong></span> <span class='ocrx_word' id='word_1_104' title='bbox 654 2163 698 2226; x_wconf 91' lang='lat' dir='ltr'><strong>ad</strong></span> <span class='ocrx_word' id='word_1_105' title='bbox 714 2182 821 2225; x_wconf 93' lang='lat' dir='ltr'><strong>uuum</strong></span> <span class='ocrx_word' id='word_1_106' title='bbox 836 2180 904 2225; x_wconf 90' lang='lat' dir='ltr'><strong>ova</strong></span> <span class='ocrx_word' id='word_1_107' title='bbox 915 2162 1135 2243; x_wconf 77' lang='lat' dir='ltr'><strong>confringunt</strong></span> <span class='ocrx_word' id='word_1_108' title='bbox 1148 2184 1156 2242; x_wconf 82' lang='lat'>3</span> <span class='ocrx_word' id='word_1_109' title='bbox 1180 2183 1273 2228; x_wconf 92' lang='lat' dir='ltr'><strong>cum·</strong></span> 
     </span>
    </p>
   </div>
   <div class='ocr_carea' id='block_1_7' title="bbox 317 2260 1275 3538">
    <p class='ocr_par' dir='ltr' id='par_1_7' title="bbox 317 2260 1275 3538">
     <span class='ocr_line' id='line_1_20' title="bbox 321 2260 1274 2345; baseline 0.005 -22"><span class='ocrx_word' id='word_1_110' title='bbox 321 2280 393 2344; x_wconf 86' lang='lat' dir='ltr'><strong>quo</strong></span> <span class='ocrx_word' id='word_1_111' title='bbox 407 2260 537 2325; x_wconf 90' lang='lat' dir='ltr'><strong>sactum</strong></span> <span class='ocrx_word' id='word_1_112' title='bbox 552 2262 792 2345; x_wconf 86' lang='lat' dir='ltr'><strong>vituperabile,</strong></span> <span class='ocrx_word' id='word_1_113' title='bbox 808 2261 949 2326; x_wconf 86' lang='lat' dir='ltr'><strong>muliere</strong></span> <span class='ocrx_word' id='word_1_114' title='bbox 968 2271 1212 2344; x_wconf 85' lang='lat' dir='ltr'><strong>conquerente,</strong></span> <span class='ocrx_word' id='word_1_115' title='bbox 1228 2265 1274 2328; x_wconf 92' lang='lat' dir='ltr'><strong>ad</strong></span> 
     </span>
     <span class='ocr_line' id='line_1_21' title="bbox 324 2361 1273 2447; baseline 0.001 -21"><span class='ocrx_word' id='word_1_116' title='bbox 324 2379 427 2444; x_wconf 82' lang='lat' dir='ltr'><strong>aures</strong></span> <span class='ocrx_word' id='word_1_117' title='bbox 450 2362 498 2443; x_wconf 90' lang='lat' dir='ltr'><strong>pii</strong></span> <span class='ocrx_word' id='word_1_118' title='bbox 524 2361 697 2444; x_wconf 87' lang='lat' dir='ltr'><strong>pontificis</strong></span> <span class='ocrx_word' id='word_1_119' title='bbox 712 2361 939 2443; x_wconf 87' lang='lat' dir='ltr'><strong>pervolasset,</strong></span> <span class='ocrx_word' id='word_1_120' title='bbox 955 2369 990 2424; x_wconf 93' lang='lat' dir='ltr'><strong>et</strong></span> <span class='ocrx_word' id='word_1_121' title='bbox 1007 2361 1102 2426; x_wconf 89' lang='lat' dir='ltr'><strong>illius</strong></span> <span class='ocrx_word' id='word_1_122' title='bbox 1124 2382 1273 2447; x_wconf 90' lang='lat' dir='ltr'><strong>pauper·</strong></span> 
     </span>
     <span class='ocr_line' id='line_1_22' title="bbox 324 2458 1272 2544; baseline 0.004 -21"><span class='ocrx_word' id='word_1_123' title='bbox 324 2458 423 2524; x_wconf 83' lang='lat' dir='ltr'><strong>culae</strong></span> <span class='ocrx_word' id='word_1_124' title='bbox 440 2459 591 2524; x_wconf 86' lang='lat' dir='ltr'><strong>soeminae</strong></span> <span class='ocrx_word' id='word_1_125' title='bbox 622 2461 785 2524; x_wconf 92' lang='lat' dir='ltr'><strong>damnum</strong></span> <span class='ocrx_word' id='word_1_126' title='bbox 815 2462 1036 2544; x_wconf 89' lang='lat' dir='ltr'><strong>suspirasset,</strong></span> <span class='ocrx_word' id='word_1_127' title='bbox 1065 2470 1179 2526; x_wconf 92' lang='lat' dir='ltr'><strong>motus</strong></span> <span class='ocrx_word' id='word_1_128' title='bbox 1202 2463 1272 2528; x_wconf 88' lang='lat' dir='ltr'><strong>cle-</strong></span> 
     </span>
     <span class='ocr_line' id='line_1_23' title="bbox 324 2559 1272 2643; baseline 0.004 -21"><span class='ocrx_word' id='word_1_129' title='bbox 324 2559 453 2623; x_wconf 91' lang='lat' dir='ltr'><strong>mentia</strong></span> <span class='ocrx_word' id='word_1_130' title='bbox 484 2561 621 2636; x_wconf 90' lang='lat' dir='ltr'><strong>mentis,</strong></span> <span class='ocrx_word' id='word_1_131' title='bbox 653 2561 790 2642; x_wconf 85' lang='lat' dir='ltr'><strong>signum</strong></span> <span class='ocrx_word' id='word_1_132' title='bbox 820 2561 931 2625; x_wconf 89' lang='lat' dir='ltr'><strong>crucis</strong></span> <span class='ocrx_word' id='word_1_133' title='bbox 957 2580 1061 2643; x_wconf 89' lang='lat' dir='ltr'><strong>super</strong></span> <span class='ocrx_word' id='word_1_134' title='bbox 1089 2581 1158 2626; x_wconf 89' lang='lat' dir='ltr'><strong>ova</strong></span> <span class='ocrx_word' id='word_1_135' title='bbox 1190 2582 1272 2626; x_wconf 90' lang='lat' dir='ltr'><strong>con-</strong></span> 
     </span>
     <span class='ocr_line' id='line_1_24' title="bbox 324 2659 1275 2737; baseline 0.007 -16"><span class='ocrx_word' id='word_1_136' title='bbox 324 2659 436 2723; x_wconf 86' lang='lat' dir='ltr'><strong>fracta</strong></span> <span class='ocrx_word' id='word_1_137' title='bbox 472 2660 614 2737; x_wconf 78' lang='lat' dir='ltr'><strong>sac-iens,</strong></span> <span class='ocrx_word' id='word_1_138' title='bbox 644 2662 796 2724; x_wconf 91' lang='lat' dir='ltr'><strong>omnium</strong></span> <span class='ocrx_word' id='word_1_139' title='bbox 828 2660 1012 2733; x_wconf 84' lang='lat' dir='ltr'><strong>fracturam</strong></span> <span class='ocrx_word' id='word_1_140' title='bbox 1045 2662 1275 2728; x_wconf 88' lang='lat' dir='ltr'><strong>consolidavit</strong></span> 
     </span>
     <span class='ocr_line' id='line_1_25' title="bbox 325 2760 1272 2842; baseline 0.006 -20"><span class='ocrx_word' id='word_1_141' title='bbox 325 2778 482 2825; x_wconf 88' lang='lat' dir='ltr'><strong>ovorum.</strong></span> <span class='ocrx_word' id='word_1_142' title='bbox 536 2760 590 2823; x_wconf 92' lang='lat' dir='ltr'><strong>De</strong></span> <span class='ocrx_word' id='word_1_143' title='bbox 618 2760 812 2825; x_wconf 86' lang='lat' dir='ltr'><strong>humilitate</strong></span> <span class='ocrx_word' id='word_1_144' title='bbox 839 2780 977 2842; x_wconf 89' lang='lat' dir='ltr'><strong>quoque</strong></span> <span class='ocrx_word' id='word_1_145' title='bbox 1003 2762 1095 2825; x_wconf 87' lang='lat' dir='ltr'><strong>beati</strong></span> <span class='ocrx_word' id='word_1_146' title='bbox 1119 2763 1184 2826; x_wconf 91' lang='lat' dir='ltr'><strong>viri</strong></span> <span class='ocrx_word' id='word_1_147' title='bbox 1206 2762 1272 2828; x_wconf 93' lang='lat' dir='ltr'><strong>hoc</strong></span> 
     </span>
     <span class='ocr_line' id='line_1_26' title="bbox 324 2859 1272 2943; baseline 0.006 -22"><span class='ocrx_word' id='word_1_148' title='bbox 324 2860 490 2923; x_wconf 87' lang='lat' dir='ltr'><strong>memoria</strong></span> <span class='ocrx_word' id='word_1_149' title='bbox 504 2859 644 2942; x_wconf 78' lang='lat' dir='ltr'><strong>dignum</strong></span> <span class='ocrx_word' id='word_1_150' title='bbox 669 2868 734 2937; x_wconf 89' lang='lat' dir='ltr'><strong>est,</strong></span> <span class='ocrx_word' id='word_1_151' title='bbox 748 2859 841 2942; x_wconf 93' lang='lat' dir='ltr'><strong>quod</strong></span> <span class='ocrx_word' id='word_1_152' title='bbox 856 2861 1128 2943; x_wconf 90' lang='lat' dir='ltr'><strong>quotiescunque</strong></span> <span class='ocrx_word' id='word_1_153' title='bbox 1146 2882 1272 2927; x_wconf 90' lang='lat' dir='ltr'><strong>novam</strong></span> 
     </span>
     <span class='ocr_line' id='line_1_27' title="bbox 323 2959 1272 3043; baseline 0.003 -20"><span class='ocrx_word' id='word_1_154' title='bbox 323 2959 478 3023; x_wconf 86' lang='lat' dir='ltr'><strong>ecclesiae</strong></span> <span class='ocrx_word' id='word_1_155' title='bbox 501 2959 666 3023; x_wconf 85' lang='lat' dir='ltr'><strong>fabricam</strong></span> <span class='ocrx_word' id='word_1_156' title='bbox 680 2960 839 3023; x_wconf 88' lang='lat' dir='ltr'><strong>dedicare</strong></span> <span class='ocrx_word' id='word_1_157' title='bbox 855 2960 1013 3036; x_wconf 87' lang='lat' dir='ltr'><strong>debebat,</strong></span> <span class='ocrx_word' id='word_1_158' title='bbox 1037 2980 1090 3039; x_wconf 89' lang='lat' dir='ltr'><strong>eo,</strong></span> <span class='ocrx_word' id='word_1_159' title='bbox 1113 2965 1272 3043; x_wconf 87' lang='lat' dir='ltr'><strong>quamvis</strong></span> 
     </span>
     <span class='ocr_line' id='line_1_28' title="bbox 317 3057 1271 3141; baseline 0.006 -21"><span class='ocrx_word' id='word_1_160' title='bbox 317 3057 389 3122; x_wconf 87' lang='lat' dir='ltr'><strong>iter</strong></span> <span class='ocrx_word' id='word_1_161' title='bbox 413 3059 556 3140; x_wconf 83' lang='lat' dir='ltr'><strong>longum</strong></span> <span class='ocrx_word' id='word_1_162' title='bbox 590 3067 693 3137; x_wconf 89' lang='lat' dir='ltr'><strong>esset,</strong></span> <span class='ocrx_word' id='word_1_163' title='bbox 725 3079 794 3123; x_wconf 94' lang='lat' dir='ltr'><strong>non</strong></span> <span class='ocrx_word' id='word_1_164' title='bbox 817 3078 906 3141; x_wconf 88' lang='lat' dir='ltr'><strong>equo</strong></span> <span class='ocrx_word' id='word_1_165' title='bbox 933 3059 988 3123; x_wconf 88' lang='lat' dir='ltr'><strong>vel</strong></span> <span class='ocrx_word' id='word_1_166' title='bbox 1015 3059 1185 3138; x_wconf 85' lang='lat' dir='ltr'><strong>vehiculo,</strong></span> <span class='ocrx_word' id='word_1_167' title='bbox 1211 3064 1271 3126; x_wconf 89' lang='lat' dir='ltr'><strong>sed</strong></span> 
     </span>
     <span class='ocr_line' id='line_1_29' title="bbox 323 3159 1273 3244; baseline 0.002 -21"><span class='ocrx_word' id='word_1_168' title='bbox 323 3159 410 3240; x_wconf 84' lang='lat' dir='ltr'><strong>pede</strong></span> <span class='ocrx_word' id='word_1_169' title='bbox 442 3159 588 3241; x_wconf 86' lang='lat' dir='ltr'><strong>impiger</strong></span> <span class='ocrx_word' id='word_1_170' title='bbox 615 3159 867 3237; x_wconf 78' lang='lat' dir='ltr'><strong>contendebat3</strong></span> <span class='ocrx_word' id='word_1_171' title='bbox 900 3168 1000 3223; x_wconf 88' lang='lat' dir='ltr'><strong>etue</strong></span> <span class='ocrx_word' id='word_1_172' title='bbox 1024 3159 1060 3222; x_wconf 93' lang='lat' dir='ltr'><strong>id</strong></span> <span class='ocrx_word' id='word_1_173' title='bbox 1087 3162 1131 3224; x_wconf 91' lang='lat' dir='ltr'><strong>ab</strong></span> <span class='ocrx_word' id='word_1_174' title='bbox 1164 3162 1273 3244; x_wconf 93' lang='lat' dir='ltr'><strong>impe·</strong></span> 
     </span>
     <span class='ocr_line' id='line_1_30' title="bbox 321 3258 1272 3346; baseline 0.005 -25"><span class='ocrx_word' id='word_1_175' title='bbox 321 3258 398 3321; x_wconf 90' lang='lat' dir='ltr'><strong>ritis</strong></span> <span class='ocrx_word' id='word_1_176' title='bbox 424 3258 570 3322; x_wconf 91' lang='lat' dir='ltr'><strong>ridiculo</strong></span> <span class='ocrx_word' id='word_1_177' title='bbox 595 3258 790 3336; x_wconf 88' lang='lat' dir='ltr'><strong>haberetur,</strong></span> <span class='ocrx_word' id='word_1_178' title='bbox 808 3259 863 3321; x_wconf 88' lang='lat' dir='ltr'><strong>vel</strong></span> <span class='ocrx_word' id='word_1_179' title='bbox 886 3278 908 3321; x_wconf 90' lang='lat' dir='ltr'><strong>a</strong></span> <span class='ocrx_word' id='word_1_180' title='bbox 929 3261 1087 3341; x_wconf 87' lang='lat' dir='ltr'><strong>superbis</strong></span> <span class='ocrx_word' id='word_1_181' title='bbox 1111 3281 1174 3343; x_wconf 91' lang='lat' dir='ltr'><strong>pro</strong></span> <span class='ocrx_word' id='word_1_182' title='bbox 1194 3262 1272 3346; x_wconf 91' lang='lat' dir='ltr'><strong>jac·</strong></span> 
     </span>
     <span class='ocr_line' id='line_1_31' title="bbox 322 3357 1272 3440; baseline 0.004 -18"><span class='ocrx_word' id='word_1_183' title='bbox 322 3358 443 3422; x_wconf 84' lang='lat' dir='ltr'><strong>tantiae</strong></span> <span class='ocrx_word' id='word_1_184' title='bbox 454 3358 540 3422; x_wconf 90' lang='lat' dir='ltr'><strong>vitio</strong></span> <span class='ocrx_word' id='word_1_185' title='bbox 557 3365 747 3435; x_wconf 88' lang='lat' dir='ltr'><strong>notaretur,</strong></span> <span class='ocrx_word' id='word_1_186' title='bbox 759 3359 890 3421; x_wconf 90' lang='lat' dir='ltr'><strong>visibus</strong></span> <span class='ocrx_word' id='word_1_187' title='bbox 900 3357 1075 3422; x_wconf 91' lang='lat' dir='ltr'><strong>hominum</strong></span> <span class='ocrx_word' id='word_1_188' title='bbox 1090 3361 1272 3440; x_wconf 85' lang='lat' dir='ltr'><strong>abductus,</strong></span> 
     </span>
     <span class='ocr_line' id='line_1_32' title="bbox 320 3458 1272 3538; baseline 0.006 -18"><span class='ocrx_word' id='word_1_189' title='bbox 320 3465 511 3521; x_wconf 91' lang='lat' dir='ltr'><strong>nocturnus</strong></span> <span class='ocrx_word' id='word_1_190' title='bbox 531 3458 646 3521; x_wconf 90' lang='lat' dir='ltr'><strong>viator</strong></span> <span class='ocrx_word' id='word_1_191' title='bbox 661 3458 727 3522; x_wconf 89' lang='lat' dir='ltr'><strong>iter</strong></span> <span class='ocrx_word' id='word_1_192' title='bbox 745 3459 858 3522; x_wconf 86' lang='lat' dir='ltr'><strong>facere</strong></span> <span class='ocrx_word' id='word_1_193' title='bbox 876 3460 1079 3538; x_wconf 90' lang='lat' dir='ltr'><strong>consuevit;</strong></span> <span class='ocrx_word' id='word_1_194' title='bbox 1106 3461 1272 3527; x_wconf 84' lang='lat' dir='ltr'><strong>solitariae</strong></span> 
     </span>
    </p>
   </div>
   <div class='ocr_carea' id='block_1_8' title="bbox 313 3700 1272 4260">
    <p class='ocr_par' dir='ltr' id='par_1_8' title="bbox 313 3700 1272 4260">
     <span class='ocr_line' id='line_1_33' title="bbox 354 3700 1272 3775; baseline 0.01 -19"><span class='ocrx_word' id='word_1_195' title='bbox 354 3700 511 3775; x_wconf 74' lang='lat' dir='ltr'><strong>¹Rethaao,]</strong></span> <span class='ocrx_word' id='word_1_196' title='bbox 528 3706 610 3755; x_wconf 86' lang='lat' dir='ltr'><strong>called</strong></span> <span class='ocrx_word' id='word_1_197' title='bbox 629 3707 663 3768; x_wconf 86' lang='lat' dir='ltr'><strong>by</strong></span> <span class='ocrx_word' id='word_1_198' title='bbox 675 3706 781 3756; x_wconf 85' lang='lat' dir='ltr'><strong>Malms·</strong></span> <span class='ocrx_word' id='word_1_199' title='bbox 807 3707 849 3756; x_wconf 86' lang='lat' dir='ltr'><strong>tba</strong></span> <span class='ocrx_word' id='word_1_200' title='bbox 868 3708 919 3756; x_wconf 66' lang='lat' dir='ltr'><strong>hnd</strong></span> <span class='ocrx_word' id='word_1_201' title='bbox 937 3709 1002 3771; x_wconf 86' lang='lat' dir='ltr'><strong>July</strong></span> <span class='ocrx_word' id='word_1_202' title='bbox 1020 3711 1046 3758; x_wconf 91' lang='lat' dir='ltr'><strong>iu</strong></span> <span class='ocrx_word' id='word_1_203' title='bbox 1066 3710 1117 3760; x_wconf 84' lang='lat' dir='ltr'><strong>tbis</strong></span> <span class='ocrx_word' id='word_1_204' title='bbox 1135 3726 1213 3774; x_wconf 81' lang='lat' dir='ltr'><strong>year3</strong></span> <span class='ocrx_word' id='word_1_205' title='bbox 1231 3715 1272 3765; x_wconf 85' lang='lat' dir='ltr'><strong>his</strong></span> 
     </span>
     <span class='ocr_line' id='line_1_34' title="bbox 317 3776 1270 3847; baseline 0.009 -21"><span class='ocrx_word' id='word_1_206' title='bbox 317 3777 383 3839; x_wconf 82' lang='lat' dir='ltr'><strong>bury</strong></span> <span class='ocrx_word' id='word_1_207' title='bbox 401 3777 546 3838; x_wconf 87' lang='lat' dir='ltr'><strong>‘Bethum,’</strong></span> <span class='ocrx_word' id='word_1_208' title='bbox 557 3776 615 3825; x_wconf 89' lang='lat' dir='ltr'><strong>who</strong></span> <span class='ocrx_word' id='word_1_209' title='bbox 633 3781 711 3825; x_wconf 85' lang='lat' dir='ltr'><strong>states</strong></span> <span class='ocrx_word' id='word_1_210' title='bbox 726 3777 781 3826; x_wconf 87' lang='lat' dir='ltr'><strong>that</strong></span> <span class='ocrx_word' id='word_1_211' title='bbox 806 3778 850 3826; x_wconf 78' lang='lat' dir='ltr'><strong>lite</strong></span> <span class='ocrx_word' id='word_1_212' title='bbox 877 3779 900 3826; x_wconf 84' lang='lat' dir='ltr'><strong>is</strong></span> <span class='ocrx_word' id='word_1_213' title='bbox 927 3779 953 3825; x_wconf 93' lang='lat' dir='ltr'><strong>iu</strong></span> <span class='ocrx_word' id='word_1_214' title='bbox 981 3779 1023 3829; x_wconf 88' lang='lat' dir='ltr'><strong>the</strong></span> <span class='ocrx_word' id='word_1_215' title='bbox 1060 3781 1127 3832; x_wconf 89' lang='lat' dir='ltr'><strong>Nov.</strong></span> <span class='ocrx_word' id='word_1_216' title='bbox 1157 3783 1270 3847; x_wconf 74' lang='lat' dir='ltr'><strong>Legeud.</strong></span> 
     </span>
     <span class='ocr_line' id='line_1_35' title="bbox 316 3846 972 3909; baseline 0.005 -13"><span class='ocrx_word' id='word_1_217' title='bbox 316 3847 349 3897; x_wconf 85' lang='lat' dir='ltr'><strong>he</strong></span> <span class='ocrx_word' id='word_1_218' title='bbox 367 3863 415 3897; x_wconf 87' lang='lat' dir='ltr'><strong>cau</strong></span> <span class='ocrx_word' id='word_1_219' title='bbox 430 3848 490 3909; x_wconf 86' lang='lat' dir='ltr'><strong>only</strong></span> <span class='ocrx_word' id='word_1_220' title='bbox 506 3848 563 3909; x_wconf 70' lang='lat' dir='ltr'><strong>give</strong></span> <span class='ocrx_word' id='word_1_221' title='bbox 580 3861 596 3895; x_wconf 90' lang='lat' dir='ltr'><strong>a</strong></span> <span class='ocrx_word' id='word_1_222' title='bbox 612 3847 656 3896; x_wconf 83' lang='lat' dir='ltr'><strong>list</strong></span> <span class='ocrx_word' id='word_1_223' title='bbox 673 3846 702 3895; x_wconf 81' lang='lat' dir='ltr'><strong>oi</strong></span> <span class='ocrx_word' id='word_1_224' title='bbox 716 3846 781 3895; x_wconf 89' lang='lat' dir='ltr'><strong>their</strong></span> <span class='ocrx_word' id='word_1_225' title='bbox 806 3848 935 3898; x_wconf 82' lang='lat' dir='ltr'><strong>cclxxviii.</strong></span> <span class='ocrx_word' id='word_1_226' title='bbox 946 3849 972 3899; x_wconf 89' lang='lat' dir='ltr'><strong>b.</strong></span> 
     </span>
     <span class='ocr_line' id='line_1_36' title="bbox 315 3916 779 3980; baseline 0.002 -15"><span class='ocrx_word' id='word_1_227' title='bbox 315 3931 412 3980; x_wconf 84' lang='lat' dir='ltr'><strong>names,</strong></span> <span class='ocrx_word' id='word_1_228' title='bbox 421 3918 490 3967; x_wconf 85' lang='lat' dir='ltr'><strong>since</strong></span> <span class='ocrx_word' id='word_1_229' title='bbox 501 3916 606 3979; x_wconf 75' lang='lat' dir='ltr'><strong>nothing</strong></span> <span class='ocrx_word' id='word_1_230' title='bbox 616 3917 645 3966; x_wconf 83' lang='lat' dir='ltr'><strong>of</strong></span> <span class='ocrx_word' id='word_1_231' title='bbox 653 3917 718 3965; x_wconf 88' lang='lat' dir='ltr'><strong>their</strong></span> <span class='ocrx_word' id='word_1_232' title='bbox 725 3923 779 3966; x_wconf 84' lang='lat' dir='ltr'><strong>acts</strong></span> 
     </span>
     <span class='ocr_line' id='line_1_37' title="bbox 313 3983 1270 4058; baseline 0.008 -22"><span class='ocrx_word' id='word_1_233' title='bbox 313 3988 451 4037; x_wconf 84' lang='lat' dir='ltr'><strong>remained.</strong></span> <span class='ocrx_word' id='word_1_234' title='bbox 843 3984 956 4036; x_wconf 74' lang='lat' dir='ltr'><strong>³Hicoir</strong></span> <span class='ocrx_word' id='word_1_235' title='bbox 966 3983 1086 4058; x_wconf 63' lang='lat' dir='ltr'><strong>sanctu]</strong></span> <span class='ocrx_word' id='word_1_236' title='bbox 1096 3991 1219 4054; x_wconf 84' lang='lat' dir='ltr'><strong>Compara</strong></span> <span class='ocrx_word' id='word_1_237' title='bbox 1228 3995 1270 4045; x_wconf 86' lang='lat' dir='ltr'><strong>the</strong></span> 
     </span>
     <span class='ocr_line' id='line_1_38' title="bbox 349 4055 1268 4119; baseline 0.008 -12"><span class='ocrx_word' id='word_1_238' title='bbox 349 4055 474 4107; x_wconf 72' lang='lat' dir='ltr'><strong>&#39;Sanctus</strong></span> <span class='ocrx_word' id='word_1_239' title='bbox 481 4055 777 4119; x_wconf 57' lang='lat' dir='ltr'><strong>statutamquhesax.</strong></span> <span class='ocrx_word' id='word_1_240' title='bbox 805 4057 934 4119; x_wconf 77' lang='lat' dir='ltr'><strong>following</strong></span> <span class='ocrx_word' id='word_1_241' title='bbox 952 4066 1060 4109; x_wconf 82' lang='lat' dir='ltr'><strong>account</strong></span> <span class='ocrx_word' id='word_1_242' title='bbox 1071 4062 1134 4110; x_wconf 83' lang='lat' dir='ltr'><strong>with</strong></span> <span class='ocrx_word' id='word_1_243' title='bbox 1148 4063 1268 4115; x_wconf 85' lang='lat' dir='ltr'><strong>Malmsb.</strong></span> 
     </span>
     <span class='ocr_line' id='line_1_39' title="bbox 313 4126 1269 4197; baseline 0.009 -21"><span class='ocrx_word' id='word_1_244' title='bbox 313 4126 406 4179; x_wconf 71' lang='lat' dir='ltr'><strong>sumn.</strong></span> <span class='ocrx_word' id='word_1_245' title='bbox 417 4129 504 4190; x_wconf 84' lang='lat' dir='ltr'><strong>places</strong></span> <span class='ocrx_word' id='word_1_246' title='bbox 523 4126 563 4175; x_wconf 87' lang='lat' dir='ltr'><strong>his</strong></span> <span class='ocrx_word' id='word_1_247' title='bbox 582 4126 657 4175; x_wconf 86' lang='lat' dir='ltr'><strong>death</strong></span> <span class='ocrx_word' id='word_1_248' title='bbox 674 4128 699 4175; x_wconf 91' lang='lat' dir='ltr'><strong>iu</strong></span> <span class='ocrx_word' id='word_1_249' title='bbox 711 4131 777 4186; x_wconf 76' lang='lat'><strong>⁷613</strong></span> <span class='ocrx_word' id='word_1_250' title='bbox 804 4126 836 4176; x_wconf 84' lang='lat' dir='ltr'><strong>de</strong></span> <span class='ocrx_word' id='word_1_251' title='bbox 860 4128 934 4178; x_wconf 87' lang='lat' dir='ltr'><strong>Gest.</strong></span> <span class='ocrx_word' id='word_1_252' title='bbox 957 4130 1062 4193; x_wconf 66' lang='lat' dir='ltr'><strong>Pontis,</strong></span> <span class='ocrx_word' id='word_1_253' title='bbox 1085 4132 1189 4195; x_wconf 86' lang='lat' dir='ltr'><strong>Scriptt.</strong></span> <span class='ocrx_word' id='word_1_254' title='bbox 1211 4141 1269 4197; x_wconf 86' lang='lat' dir='ltr'><strong>post</strong></span> 
     </span>
     <span class='ocr_line' id='line_1_40' title="bbox 370 4197 977 4260; baseline 0.002 -12"><span class='ocrx_word' id='word_1_255' title='bbox 370 4200 471 4260; x_wconf 83' lang='lat' dir='ltr'><strong>msbury</strong></span> <span class='ocrx_word' id='word_1_256' title='bbox 483 4198 509 4246; x_wconf 92' lang='lat' dir='ltr'><strong>in</strong></span> <span class='ocrx_word' id='word_1_257' title='bbox 524 4199 572 4245; x_wconf 72' lang='lat'><strong>⁷68</strong></span> <span class='ocrx_word' id='word_1_258' title='bbox 580 4211 589 4258; x_wconf 88' lang='lat'>;</span> <span class='ocrx_word' id='word_1_259' title='bbox 608 4197 728 4246; x_wconf 84' lang='lat' dir='ltr'><strong>Floreuce</strong></span> <span class='ocrx_word' id='word_1_260' title='bbox 744 4211 776 4246; x_wconf 89' lang='lat' dir='ltr'><strong>on</strong></span> <span class='ocrx_word' id='word_1_261' title='bbox 804 4197 868 4248; x_wconf 88' lang='lat' dir='ltr'><strong>Bed.</strong></span> <span class='ocrx_word' id='word_1_262' title='bbox 882 4213 908 4260; x_wconf 90' lang='lat' dir='ltr'><strong>p.</strong></span> <span class='ocrx_word' id='word_1_263' title='bbox 919 4202 977 4249; x_wconf 73' lang='lat' dir='ltr'><strong>tta.</strong></span> 
     </span>
    </p>
   </div>
   <div class='ocr_carea' id='block_1_9' title="bbox 0 0 1448 4852">
    <p class='ocr_par' dir='ltr' id='par_1_9' title="bbox 0 0 1448 4852">
     <span class='ocr_line' id='line_1_41' title="bbox 0 0 1448 4852; baseline 0 1"><span class='ocrx_word' id='word_1_264' title='bbox 0 0 1448 4852; x_wconf 95' lang='lat' dir='ltr'><strong> </strong></span> 
     </span>
    </p>
   </div>
  </div>
 </body>
</html>
