2888 4852
322 400 388 463 420
580 413 710 460 nocam
736 413 782 459 nn
806 411 1011 459 wunnovsn

163 590 266 631 osma
323 573 446 636 mortis
475 571 602 635 indicia
632 590 670 634 se
699 569 934 652 quaerentibus
971 567 1138 632 ministris
1166 567 1282 632 dedit.

163 640 274 682 Μή
325 673 426 737 Tunc
445 670 632 748 Alfdrithe,
652 669 775 733 mulier
798 669 859 733 illa
883 667 1104 750 nequissima,
1130 666 1283 750 ejusque

327 773 418 837 iilius
444 771 661 847 Ethelredus,
684 788 809 851 corpus
836 768 948 832 sancti
971 766 1157 831 Eadwardi
1182 769 1282 849 regis

327 880 363 937 et
379 873 541 955 martyris
568 871 642 933 sine
664 868 792 932 honore
817 866 908 950 apud
927 860 1110 931 ¹Warham
1135 868 1281 949 sepeliri

322 971 514 1055 jusserunt,
531 969 703 1052 publicam
721 968 878 1031 laetitiam
896 973 1038 1048 agentes
1051 975 1086 1031 et
1101 966 1278 1044 festivam,

328 1090 369 1135 ac
394 1072 425 1134 si
450 1089 529 1132 oum
554 1087 698 1150 corpore
729 1067 859 1149 pariter
886 1073 922 1130 et
947 1066 1146 1130 memoriam
1174 1085 1280 1149 sepe-

326 1170 467 1248 lissent;
495 1168 696 1233 invidebant
721 1168 812 1230 enim
837 1174 973 1230 mortuo
1006 1166 1279 1230 ecclesiasticam

326 1268 515 1333 concedere
536 1267 763 1349 sepulturam,
786 1267 842 1329 cui
859 1265 990 1329 viventi
1012 1264 1116 1328 decus
1141 1266 1279 1346 regium

327 1369 542 1432 auferebant.
585 1366 653 1430 Sed
672 1366 783 1429 adfluit
797 1366 924 1430 divinae
946 1364 1175 1428 miserationis
1189 1384 1277 1429 con·

326 1488 461 1546 sensus,
472 1468 533 1550 qui
548 1469 749 1530 innocenter
760 1484 886 1528 caesum
901 1464 1143 1528 miraculorum
1157 1466 1279 1545 mua

327 1568 547 1646 sublimavit3
571 1586 651 1629 nam
670 1565 757 1629 adeo
782 1565 935 1628 caelestia
952 1564 1076 1628 ibidem
1092 1564 1168 1627 visa
1191 1575 1278 1629 sunt

327 1667 470 1750 delapsa
483 1667 589 1730 foisse
606 1665 800 1742 luminaria,
816 1672 856 1728 ut
866 1663 971 1727 etiem
985 1683 1063 1727 cum
1076 1664 1161 1745 ipsis
1174 1664 1280 1728 lumi-

328 1787 411 1830 num
435 1767 538 1830 radiis
555 1765 687 1829 claudis
711 1765 974 1828 restituerentur
999 1782 1150 1845 gressus,
1168 1766 1278 1828 coecis

327 1868 435 1945 visus,
452 1865 589 1949 loquela
614 1864 731 1942 mutis,
747 1871 783 1928 et
796 1863 1043 1949 cujuscumque
1062 1861 1277 1927 infirmitatis

326 1965 436 2030 livore
464 1965 594 2029 detenti
625 1971 756 2046 optatae
785 1963 947 2026 sanitatis
979 1963 1121 2044 praemia
1151 1983 1277 2028 conse-

326 2074 491 2147 quuntur.
544 2065 603 2128 Fit
620 2082 807 2127 concursus
823 2063 1028 2145 populorum
1049 2061 1093 2126 ad
1111 2064 1277 2145 martyris

326 2166 540 2248 sepulturam
563 2165 670 2228 totius
692 2163 803 2245 regni,
828 2171 863 2226 et
884 2164 976 2226 inter
1004 2162 1090 2227 alios
1118 2162 1194 2245 ojus
1218 2163 1276 2226 in-

327 2265 504 2328 terfectrix
519 2265 585 2327 iter
608 2264 690 2326 illuc
710 2262 877 2344 arripuit;
899 2262 1043 2345 jamque
1066 2281 1192 2343 equum
1215 2281 1276 2326 as·

326 2383 467 2428 censum
490 2382 568 2427 cum
596 2362 745 2426 stimulis
768 2369 918 2443 urgeret,
945 2362 1004 2443 qui
1034 2368 1137 2425 antea
1160 2363 1276 2426 ventis

326 2464 519 2545 promptius
541 2481 644 2525 auras
668 2463 761 2543 ipsas
787 2468 1012 2544 praecurreret
1040 2469 1075 2525 et
1098 2461 1276 2526 dominam

325 2563 486 2626 ardenter
510 2569 545 2626 et
569 2562 669 2643 quasi
696 2561 854 2624 effraenus
883 2568 1021 2642 portare
1043 2560 1277 2640 adsuesceret,

325 2670 409 2727 tunc
424 2663 491 2726 Dei
503 2668 589 2724 nutu
603 2661 721 2724 stabat
731 2660 926 2735 immobilis,
936 2662 1109 2743 praecipue
1120 2680 1196 2724 cum
1210 2663 1276 2724 mi·

326 2764 439 2839 nistri,
458 2762 537 2825 hino
554 2762 765 2837 verberibuS,
788 2760 882 2823 illino
905 2760 1124 2837 clamoribus,
1145 2780 1274 2843 equum

324 2861 477 2944 undique
499 2861 648 2925 stimulis
675 2861 887 2938 excitarent;
914 2860 1027 2923 inanis
1050 2859 1147 2923 labor
1172 2879 1274 2923 assu·

324 2963 443 3039 mitur,
457 2961 551 3036 dum,
563 2980 652 3042 equo
666 2967 813 3036 mutato,
825 2978 926 3024 casus
938 2959 1028 3023 idem
1040 2960 1274 3042 subsequitur.

325 3060 426 3125 Tunc
448 3059 635 3137 Alfdritha,
659 3061 734 3124 viso
761 3059 829 3122 Dei
856 3059 1035 3134 miraculo,
1061 3058 1134 3122 dire
1160 3061 1275 3141 poeni·

324 3162 404 3238 tuit,
422 3160 509 3225 adeo
526 3167 567 3224 ut
582 3160 701 3223 multis
726 3159 825 3222 annis
848 3178 985 3222 carnem
1008 3177 1106 3221 suam
1129 3159 1163 3220 in
1186 3158 1274 3222 dcli·

322 3261 387 3323 ciis
406 3261 571 3324 nutritam
596 3259 688 3342 apud
702 3252 943 3323 ²Warwellam
968 3257 1080 3322 cilicio
1104 3258 1273 3337 domaret,

323 3360 416 3424 solo*
438 3366 613 3440 prostrata
650 3379 808 3422 somnum
845 3366 983 3440 caperet
1019 3366 1054 3421 et
1086 3360 1273 3436 cruciatus,

324 3478 558 3542 quoscumque
591 3459 716 3541 potuit,
743 3459 878 3540 corpori
912 3457 1112 3539 applicavit.
1177 3459 1274 3522 Else-

322 3557 394 3620 rius
410 3578 559 3640 quoque,
576 3558 635 3622 ille
657 3557 783 3639 dequo
806 3577 911 3639 supra
934 3558 1160 3633 meminimus
1178 3560 1272 3640 quod

322 3656 568 3720 monachorum
602 3659 811 3721 monasteria
833 3657 1073 3735 destruxisset,
1101 3658 1143 3720 de
1169 3658 1271 3741 culpa

322 3757 428 3824 anxie
443 3758 627 3840 poenitens,
642 3776 778 3820 sacrum
802 3759 893 3838 regis
920 3776 1044 3839 corpus
1062 3757 1194 3821 deloco
1216 3761 1271 3840 ig·

322 3856 429 3920 nobili
444 3856 666 3933 transferens,
678 3850 787 3938 ³apud
804 3856 1004 3939 Septoniam
1019 3856 1125 3937 digno
1142 3856 1271 3922 honore

355 4062 363 4093 ¹
374 4063 511 4125 ΗΜ]
528 4065 554 4112 in
567 4062 737 4112 Dorsetsbire.
807 4064 937 4114 Crossnnd
946 4066 1063 4128 S.Peter,
1071 4067 1096 4113 in
1107 4066 1269 4129 Hampshire.

353 4127 548 4199 ’Wameuenq
557 4131 780 4193 Wherwell,aBe-
840 4132 935 4198 ⁸pr
948 4135 1108 4201 Septoniam]
1120 4142 1147 4185 at
1158 4137 1271 4188 Sbustes-

317 4203 779 4264 nedictiuenunuerydedicoledtotbe
805 4204 878 4266 bury.
