2888 4852
437 432 571 483 swam
595 433 863 484 ursroarsnuu.
1062 420 1127 485 153

177 599 230 657 tot
258 593 390 657 nobiles
420 613 444 658 a
470 594 546 658 vita
576 594 759 677 temporali
791 592 962 677 privavit3
1001 594 1127 660 cecidit

176 711 239 756 rex
263 692 469 759 Ethelherus
493 693 601 758 frater
614 692 729 759 Annae
751 695 843 776 regis
865 694 907 758 de
925 714 994 777 quo
1019 713 1127 778 supra

177 793 405 872 meminimus,
431 801 554 858 auctor
574 795 650 877 ipse
671 794 766 871 belli,
782 793 842 876 qui
870 794 1013 877 perditis
1037 795 1126 859 mili·

177 892 269 956 tibus
286 892 397 958 uoluit
413 893 509 958 solus
524 895 646 977 perire.
686 894 732 958 Et
748 894 831 976 quia
847 913 954 977 prope
971 894 1127 972 fluvium,

178 992 238 1075 qui
249 985 427 1058 ¹Winwed
444 992 582 1072 dicitur,
600 1001 794 1078 pugnatum
811 1000 876 1070 est,
893 994 953 1076 qui
967 1003 1050 1058 tuuc
1065 1014 1128 1077 per

175 1091 381 1158 inundantia
404 1092 598 1177 pluviarum
623 1113 744 1158 omnes
770 1102 882 1158 metas
903 1112 987 1158 suas
1010 1102 1124 1158 traus-

176 1191 277 1271 ierat,
311 1193 458 1276 contigit
481 1200 521 1258 ut
551 1194 661 1258 multo
690 1193 807 1277 plures
837 1213 929 1277 aqua
953 1193 1127 1275 fugientes

178 1311 283 1374 quam
305 1293 475 1359 bellantes
492 1293 650 1376 perderet
665 1295 779 1373 eusis;
801 1293 1024 1358 uude'exivit
1046 1314 1126 1377 pro·

178 1392 345 1473 verbium,
361 1393 427 1457 ‘ln
443 1392 603 1460 Winwed
626 1413 727 1458 amne
744 1394 920 1458 vindicata
940 1401 994 1459 est
1014 1394 1127 1458 caedes

177 1487 305 1571 Annae,
325 1493 437 1558 caedes
461 1513 582 1576 regum
605 1493 775 1576 Sigeberti
802 1502 838 1559 et
861 1493 990 1576 Egrici,
1012 1495 1126 1559 caedes

178 1590 334 1657 Oswaldi
358 1600 395 1658 et
418 1593 602 1661 Eadwiui.'
653 1594 753 1658 Tunc
781 1614 844 1658 rex
863 1593 1000 1659 Oswius
1020 1594 1128 1679 juxta

177 1693 269 1775 quod
300 1693 453 1759 Domino
478 1702 622 1759 voverat
652 1714 715 1777 pro
737 1693 866 1760 collata
888 1695 954 1759 sihi
981 1695 1129 1760 victoria

175 1793 309 1873 gratim
325 1794 402 1858 Deo
425 1792 575 1858 reserens
595 1793 691 1858 dedit
704 1787 829 1859 ²liliam
846 1815 957 1874 suam,
973 1815 1051 1879 quae
1065 1795 1126 1860 vix

176 1891 278 1957 unius
296 1894 377 1957 anni
394 1898 532 1958 aetatem
550 1893 768 1977 impleverat,
789 1903 957 1979 perpetua
973 1896 1005 1960 ci
1021 1896 1128 1979 virgi-

176 1991 287 2058 nitate
309 1994 577 2059 consecrandam
594 1995 630 2057 in
655 1997 878 2073 monasterio,
903 1997 996 2079 quod
1015 1989 1128 2060 ³Her-

176 2093 296 2173 teseie,
309 2092 345 2158 id
367 2101 434 2174 est,
449 2094 564 2159 insula
587 2095 693 2172 cervi,
719 2104 950 2179 nuncupatur,
965 2096 1020 2160 cui
1044 2104 1126 2161 tunc

174 2185 305 2259 *Hilds
322 2194 462 2278 praefuit
479 2193 667 2259 abbatissa.
720 2194 808 2274 Quae
827 2206 1027 2280 comparata
1047 2214 1127 2278 pos·

174 2295 328 2360 sessione
337 2295 454 2360 decem
464 2294 675 2358 familiarum
685 2294 721 2359 in
731 2296 820 2373 loco,
830 2294 1127 2379 qui‘Streneshal’

175 2394 384 2477 appellatur,
411 2396 660 2460 monasterium
697 2397 744 2460 ibi
773 2396 979 2463 construxit.
1047 2394 1127 2458 Hoc

174 2502 292 2558 autem
308 2494 436 2558 bellum
453 2515 516 2559 rex
534 2494 674 2561 Oswius
696 2494 740 2558 ad
760 2515 921 2577 magnam
944 2495 1127 2579 utriusque

176 2593 296 2676 populi
318 2594 505 2659 utilitatem
524 2594 684 2671 confecit,
701 2594 782 2658 dum
805 2613 904 2658 suam
921 2602 1060 2677 gentem
1084 2596 1127 2658 ab

176 2692 293 2758 hostili
315 2714 531 2778 paganorum
546 2693 812 2778 depopulatione
829 2693 1002 2773 liberavit,
1016 2702 1051 2758 et
1074 2696 1126 2777 ip·

176 2813 251 2859 sam
277 2803 416 2879 gentem
436 2794 656 2871 Merciorum‚
682 2793 817 2878 dejecto
842 2795 956 2879 capite
983 2794 1128 2878 perfido,

176 2894 236 2978 qni
253 2913 372 2959 omnes
387 2902 590 2977 peremerat,
604 2894 648 2958 ad
664 2893 871 2959 Christianae
887 2895 966 2959 fidei
978 2895 1128 2976 gratiam

177 2995 361 3059 convertit.
414 2993 587 3059 Successit
609 3002 725 3059 autem
749 2994 937 3059 Ethelhero
958 2996 994 3058 iu
1019 3014 1128 3077 regno

176 3092 395 3160 orientalium
413 3094 607 3177 Auglorum
633 3093 741 3158 frater
765 3094 841 3180 ejus
858 3090 1128 3174 ⁵Ethelwaldus,

214 3328 222 3360 ¹
238 3330 373 3396 winwed]
389 3330 502 3380 ‘Atthis
516 3331 568 3392 day
578 3331 640 3380 call·
699 3327 906 3393 ‘Ethelwuldan
919 3329 962 3379 lle
970 3330 992 3378 is
1000 3331 1127 3393 supposed

176 3400 209 3451 sd
231 3402 369 3462 Wlumore,
389 3401 446 3451 tour
473 3402 546 3451 miles
576 3400 638 3450 from
665 3404 690 3448 to
710 3400 775 3450 have
792 3399 853 3448 died
871 3400 898 3447 iu
917 3403 975 3450 aas.
1011 3400 1054 3449 He
1072 3416 1129 3451 was

177 3471 271 3534 Iaeeds,
288 3487 321 3521 ou
343 3471 386 3521 the
412 3471 475 3522 road
502 3478 528 3521 to
552 3471 641 3522 Yorlr!
664 3470 805 3520 succeeded
824 3470 857 3531 hy
876 3469 1007 3531 Eadwult,
1024 3470 1066 3519 the
1083 3486 1128 3520 sou

177 3541 268 3595 camd.
279 3542 308 3590 ii.
319 3557 347 3603 p.
359 3545 401 3592 86.
665 3541 694 3589 ol
702 3541 823 3589 Ethelher
834 3540 865 3601 hy
880 3540 1044 3590 Hereswitha
1053 3541 1128 3590 sister

209 3608 324 3662 ’filim
340 3611 432 3675 seem]
449 3611 522 3661 Beda
539 3610 597 3660 tells
608 3625 641 3660 us
665 3610 694 3659 ot'
704 3611 731 3659 8.
745 3610 842 3670 Hildo;
856 3609 915 3658 who
930 3610 1009 3673 dying
1025 3611 1051 3659 iu
1070 3615 1130 3672 668,

176 3681 231 3731 thut
241 3681 286 3731 her
298 3696 372 3731 name
382 3696 439 3731 was
448 3681 556 3731 Aelued.
592 3681 641 3731 See
665 3679 705 3728 his
717 3679 816 3728 brother
824 3680 995 3741 Eadwuld,or
1004 3681 1131 3743 Elcwold,

177 3753 244 3803 heta
253 3752 299 3803 SS.
311 3752 374 3802 Feb.
385 3758 445 3802 tom.
457 3753 485 3802 ii.
497 3767 524 3814 p.
538 3755 594 3801 lta.
665 3751 791 3799 asceuded
807 3750 850 3800 the
867 3750 964 3800 throne.
999 3750 1053 3800 'l'he
1069 3752 1129 3799 time

210 3820 384 3887 'Hemeset'eJ
401 3822 492 3873 Called
515 3823 550 3883 hy
568 3821 641 3871 Beda
665 3821 695 3869 ol
701 3820 744 3869 the
755 3819 832 3873 death
850 3819 880 3869 of
893 3820 952 3869 both
968 3820 1038 3870 these
1053 3820 1130 3883 kiugs

177 3893 286 3956 Heorta,
304 3893 434 3956 supposed
451 3898 478 3942 to
495 3892 559 3941 hare
576 3892 641 3941 been
665 3890 689 3938 is
705 3904 765 3952 very
784 3891 931 3951 uncertaiu;
949 3890 995 3938 hut
1012 3890 1067 3939 that
1086 3890 1130 3940 the

176 3964 286 4013 founded
304 3965 338 4025 hy
351 3963 421 4011 liteu
437 3977 466 4011 or
478 3962 566 4025 Begu3
583 3976 641 4010 now
666 3960 758 4010 former
768 3974 822 4009 was
830 3961 910 4022 living
921 3961 947 4007 iu
958 3963 1016 4022 666,
1026 3974 1066 4009 we
1079 3960 1130 4008 lind

178 4033 326 4095 Hurtlepool
348 4033 474 4082 Durhum.
666 4030 730 4079 from
752 4030 792 4078 his
820 4030 895 4092 being
926 4030 1067 4079 mentioned
1096 4031 1129 4091 by

211 4067 337 4169 wittae}
353 4103 401 4152 See
417 4103 463 4152 her
479 4101 523 4150 lite
536 4101 561 4149 iu
574 4101 642 4162 Gep-
669 4101 741 4150 Beda
762 4114 792 4149 as
813 4104 915 4161 present
936 4104 963 4147 nt
982 4101 1024 4148 the
1049 4100 1130 4160 synod

178 4187 265 4235 grase,
287 4173 355 4223 Nov.
384 4172 447 4236 Lag.
471 4172 514 4222 tol.
544 4171 641 4222 clxxix.
667 4170 696 4219 ot
728 4169 873 4220 lleathheld
908 4170 934 4218 in
968 4170 1022 4218 thet
1060 4185 1130 4230 year.

178 4240 352 4309 Bedu,§822‚
361 4257 426 4307 seqq.
668 4238 750 4305 §m
