2888 4852
421 416 560 464 enoess
584 416 854 467 mosomense.
1042 408 1109 473 325

156 575 247 656 qu'od
283 575 455 639 librorum
477 574 628 648 omnium
663 577 822 641 notitiam
855 577 997 644 haberet
1027 601 1104 663 per-

155 674 290 738 fectum.

245 849 449 934 Payoeorom
465 851 611 914 meruitne
626 851 806 914 Londoeios
821 850 956 915 deserente
970 850 1016 914 ad

387 948 709 1014 Northaehnmbriam
726 949 865 1014 trans-iit.

205 1073 309 1137 Anno
327 1073 467 1138 Domini
492 1092 723 1155 ococnxxnn
737 1068 777 1138 'J
780 1074 933 1157 ohannes
956 1074 1045 1138 sedit
1066 1075 1102 1137 in
1115 1097 1225 1137 noos.

156 1172 321 1236 cathedra
335 1168 496 1237 Romane
516 1175 616 1238 annis
634 1173 750 1237 decem
767 1182 803 1238 et
818 1174 954 1238 duobus
969 1173 1101 1238 diebus.
1114 1148 1244 1248 Qun.

155 1272 284 1335 Eodem
309 1292 401 1336 enno
429 1272 658 1355 saepedictus
689 1292 904 1355 paganorum
928 1274 1102 1337 exercitus

156 1371 354 1435 Londonies
364 1372 524 1436 deserens
538 1373 582 1435 ed
597 1371 923 1437 Northanhumbros
937 1373 1102 1455 perrexit,

155 1489 225 1551 qua
249 1472 389 1552 regione
415 1472 586 1536 hostiliter
607 1471 828 1553 perlustrata,
848 1473 884 1535 in
908 1472 1102 1550 Lindeseia,
1115 1494 1249 1535 omnum

155 1562 209 1632 ²in
227 1570 322 1646 ville,
339 1590 417 1651 quoe
435 1570 624 1635 Torkeseia
643 1570 781 1648 dicitur,
801 1570 997 1654 hyemavit3
1023 1591 1102 1635 cum
1114 1544 1235 1635 initii·

154 1670 279 1750 quibus
296 1677 379 1733 tunc
394 1670 602 1733 Mereiorum
625 1678 759 1752 gentes,
776 1670 858 1735 doto
875 1689 1026 1747 munere,
1042 1691 1101 1753 pa·
1207 1676 1212 1685 “

155 1769 300 1832 citicetae
332 1777 425 1832 sunt.
478 1768 608 1833 Eodem
639 1790 730 1834 enno
754 1789 816 1834 rex
842 1768 1103 1834 Northanhum-

155 1869 294 1931 brorum
313 1868 486 1948 Egbertus
497 1869 586 1932 diem
604 1869 728 1934 clausit
743 1878 948 1945 extremum,
958 1863 1104 1933 et³Ric·

155 1969 228 2031 sius
256 1969 423 2032 suecessit
445 1968 477 2031 ei
497 1970 533 2031 in
557 1989 701 2051 regnum
725 1972 835 2033 tribus
858 1967 970 2031 annio.
1023 1967 1102 2046 Quo

154 2067 274 2149 utiquo
299 2087 389 2132 anno
407 2067 602 2145 WlfhernS,
623 2069 851 2133 Eborecensis
875 2068 1102 2150 archiepisco

156 2185 233 2248 pue,
250 2166 293 2231 ed
311 2166 426 2230 sedem
443 2187 542 2232 suam
560 2177 741 2232 revocatus
757 2176 821 2232 est.
863 2167 994 2230 Eodem
1011 2186 1102 2230 anno

154 2264 311 2348 deposito
328 2266 494 2345 Aldredo,
512 2268 771 2349 Legecestrensi
790 2268 965 2350 episcopo,
982 2260 1102 2330 *Geel-

146 2366 256 2429 ‹redus
271 2367 449 2431 successit.

223 2541 291 2604 lice
306 2539 490 2605 Borirecius
502 2541 633 2604 Remum
640 2540 801 2625 profectus
815 2538 890 2606 obiit
903 2539 1024 2606 itidem.

207 2664 310 2729 Anno
329 2665 469 2729 Domini
482 2680 706 2727 nocetum.
721 2659 908 2729 ⁶nesandus
922 2665 1103 2729 Danorum
1115 2682 1170 2723 nn.
1180 2684 1225 2724 eu.

157 2765 331 2829 exercitus
354 2763 571 2828 Lindeseiam
594 2763 790 2844 relinquens
817 2764 983 2827 Merciam
1007 2734 1222 2842 adiitssiii'rn

155 2871 191 2926 et
217 2864 253 2927 in
279 2863 374 2939 ville,
396 2883 474 2944 queo
498 2863 736 2945 Reppendnne
758 2862 895 2940 dicitur,
917 2861 1104 2945 hyemavit.
1117 2833 1207 2883 mm

159 2962 375 3027 Burhredum
417 2981 554 3043 qnoque
596 2981 711 3043 regem
756 2962 967 3026 Merciorum
1012 2980 1105 3025 anno

159 3062 256 3144 regni
282 3063 336 3124 sui
350 3062 514 3126 vicesimo
537 3061 686 3125 secundo
710 3061 918 3144 expulerunt
941 3080 1105 3143 arogno,

159 3162 400 3248 quiRomam
427 3169 508 3247 post
537 3159 610 3224 dies
650 3180 780 3244 paucos
812 3161 987 3243 profectus
1019 3160 1105 3224 obiit

157 3261 298 3338 ibidem,
323 3269 359 3324 et
378 3261 485 3344 juxte
507 3260 661 3323 scholam
678 3256 871 3342 Anglorum
899 3260 936 3323 in
960 3259 1106 3323 ecclesia

155 3362 267 3425 beatae
299 3360 423 3425 Mariae
451 3360 547 3441 regio
579 3378 673 3424 more
709 3360 923 3442 sepulturam
959 3359 1104 3441 aceepit.

158 3458 246 3525 Post
261 3460 361 3544 cujus
378 3459 615 3541 expulsionem
628 3460 722 3524 Dani
735 3479 876 3541 regnum
896 3458 1106 3523 Merciorum

192 3722 365 3788 Uettonum]
393 3723 436 3772 the
459 3723 561 3787 eighth3
586 3723 618 3774 he
643 3724 693 3773 and
710 3724 753 3774 the
768 3724 861 3775 Chron.
878 3725 910 3775 de
929 3724 1037 3775 Mnilroe
1055 3723 1105 3775 cell

156 3794 216 3843 died
230 3794 288 3842 ltth
300 3794 365 3842 Dec.
377 3797 434 3843 882.
643 3794 695 3842 him
705 3795 713 3823 ⁸
722 3794 828 3856 Riesig!

191 3862 244 3939 ’.ἡ
260 3864 329 3925 Μ’
346 3878 399 3926 ⁹¹³oe
419 3861 619 3943 meam
679 3865 850 3965 ‘eentum
873 3895 928 3945 'l'he
946 3897 1006 3946 time
1024 3895 1054 3945 oi
1066 3895 1106 3945 his

156 3933 419 3983 sinehronuuan.
455 3932 535 3981 Aeser
545 3936 619 3981 omtts
644 3966 754 4016 demis
765 3966 910 4015 mmm

155 4003 198 4052 the
215 4018 289 4051 name
305 4003 335 4052 oi
347 4002 390 4051 the
409 4008 487 4063 town,
497 4002 544 4050 but
560 4015 619 4062 says
913 4001 920 4015 ⁸

155 4070 619 4133 thattneywinteredinnindesigin
680 4065 835 4127 'Nefanda
862 4062 1022 4134 Μυκη]
1051 4066 1105 4116 'l'he

156 4143 288 4204 thisyeer.
645 4141 730 4187 events
757 4138 786 4187 of
810 4138 861 4188 this
883 4152 945 4199 year
973 4151 1016 4187 ere
1042 4134 1106 4185 from

191 4210 342 4276 'itiesiueJ
370 4212 471 4261 Simeon
498 4210 619 4261 Dunelm.
644 4207 828 4271 Automedon.
840 4212 920 4271 90⁹⁶·
