2888 4852
385 416 393 505 ᾗ
440 437 579 486 anonas
603 439 872 489 n1sr0a1nnun.
1082 426 1125 488 41

180 597 378 680 praevalere,
389 597 569 663 confestim
586 597 735 681 diffugit,
752 607 857 683 atque
872 598 1036 682 oppidum
1050 598 1125 663 Ka·

179 697 346 775 erkonan,
361 698 453 780 quod
471 717 562 763 nuno
573 692 833 782 ¹Cuningebnrg
847 699 1055 781 appellatur,
1064 720 1123 782 po·

178 798 267 862 tivit.
320 796 441 862 Sciens
458 817 541 862 voro
560 798 653 880 quod
673 818 773 862 omne
793 805 948 863 tutamen
970 801 1124 863 suumin
1189 796 1192 802 '

175 897 295 979 gladio
315 906 352 961 et
372 897 474 962 hasta
490 898 706 975 consisteret,
722 897 887 982 oppidum
909 898 1038 963 intrare
1061 919 1124 964 no·

176 997 254 1075 luit,
269 998 354 1080 quia
373 997 459 1061 illud
475 997 620 1063 Aurelio
637 999 797 1063 resistere
816 1017 1034 1082 nequaquam
1058 1019 1123 1063 aes·

175 1096 327 1162 timavit.
379 1097 580 1181 Insequitur
599 1117 675 1161 eum
697 1096 873 1176 Aurelius,
888 1105 923 1162 et
940 1117 1124 1180 quoscum·

174 1215 244 1279 que
258 1198 296 1260 in
310 1199 434 1262 itinere
453 1199 656 1281 reperiebat,
674 1198 862 1280 amputatis
879 1198 1063 1281 capitibus,
1080 1198 1124 1263 ad

177 1304 312 1360 tartara
335 1296 533 1362 destinavit.
586 1296 726 1362 Potitus
747 1297 866 1382 itaque
887 1298 1034 1362 victoria
1052 1297 1124 1362 Au-

177 1396 295 1473 relius,
314 1397 427 1462 Deum
454 1397 529 1461 caeli
553 1415 598 1461 ex
623 1398 745 1462 intimo
769 1398 883 1462 cordis
905 1397 1030 1461 affectu
1051 1398 1126 1462 lau-

178 1494 260 1560 darc
271 1515 342 1560 non
357 1497 520 1574 cessavit,
533 1497 593 1579 qui
608 1498 675 1562 sibi
685 1497 728 1561 de
741 1497 898 1562 hostibus
915 1498 1125 1581 triumphum

179 1597 359 1660 concessit.

259 1768 413 1833 Aurelius
426 1767 565 1835 melesius
578 1767 745 1834 dostram
760 1769 945 1852 reedificare
951 1769 1042 1853 feeit.

218 1893 326 1958 Anno
352 1895 475 1976 gratiae
498 1910 777 1959 ccconxxxvnr.
792 1894 955 1959 Aurelius
979 1893 1125 1960 Ambro-
1140 1914 1249 1955 ansa.

180 1995 261 2070 sius,
278 2012 357 2058 cum
371 2014 434 2077 per
448 1994 666 2059 Britanniam
679 1993 797 2059 hostes
815 1995 1000 2077 quaerendo
1015 2002 1125 2059 trans·

181 2094 265 2157 itum
288 2092 430 2172 iaceret,
451 2094 584 2158 invenit
606 2094 768 2158 ecclesias
797 2095 841 2157 ad
870 2093 982 2157 solum
1014 2112 1125 2176 usque

179 2192 385 2270 destructas,
407 2194 498 2257 unde
514 2192 735 2258 vehementer
757 2193 944 2258 condoluit.
997 2190 1125 2258 Accer-
1139 2210 1232 2259 Ptoios

179 2293 254 2356 sitis
281 2294 401 2375 itaque
421 2293 651 2358 caementariis
667 2301 702 2357 et
718 2292 887 2376 lignariis,
913 2292 1058 2357 aedificia
1075 2294 1127 2357 di·
1138 2262 1270 2302 “mm

179 2392 259 2457 vina
285 2411 447 2475 reparare
476 2391 623 2457 curavit.
676 2392 865 2475 Dispositis
892 2411 975 2474 ergo
1010 2393 1045 2454 in
1076 2394 1125 2456 eis

178 2493 388 2575 presbyteris
417 2499 452 2557 et
477 2491 623 2568 clericis,
655 2491 810 2556 divinum
847 2491 1048 2574 obsequium
1081 2493 1123 2555 ad

179 2598 309 2656 statum
325 2591 478 2656 debitum
501 2590 691 2655 revocavit.
742 2589 793 2655 At
807 2591 867 2655 ubi
884 2590 1030 2674 profana
1043 2592 1125 2655 deo·

178 2709 251 2754 rum
266 2691 397 2774 templa
410 2698 446 2754 et
458 2690 553 2773 idola
572 2690 717 2768 invenit,
732 2711 753 2754 a
769 2691 934 2755 memoria
948 2690 1124 2755 hominum

179 2792 342 2854 universa
366 2790 519 2870 delevit;
548 2789 723 2873 justitiam
755 2797 791 2855 et
816 2809 937 2873 pacem
970 2791 1124 2854 ecclesiis

178 2897 213 2954 et
238 2890 322 2954 viris
348 2889 590 2955 ecclesiasticis
612 2889 795 2955 observare
819 2889 997 2973 praecepit,
1021 2890 1125 2953 bene-

176 2989 255 3054 ficia
267 2990 377 3054 multa
389 2989 549 3066 contulit,
562 2995 598 3053 et
610 3008 709 3054 orare
721 3010 785 3073 pro
800 3009 907 3072 regno
922 2996 958 3053 et
971 2989 1125 3053 ecclesiae

177 3096 273 3152 statu
289 3090 449 3154 omnibus
463 3089 657 3172 imperavit.

175 3260 328 3326 Aurelios
340 3260 524 3346 Hortqt'stam
549 3257 623 3325 bollo
646 3260 760 3324 ddum
782 3261 869 3345 cepit,
893 3282 932 3325 oc
951 3260 1126 3347 decapitari

567 3359 724 3444 neroni·

226 3506 333 3570 Anno
355 3507 479 3588 gratiae
504 3524 759 3573 ccccnxxxrx.
787 3507 950 3573 Aurelius
974 3509 1122 3574 Ambro-
1137 3532 1247 3573 inno.

177 3607 261 3683 sius,
277 3606 442 3688 epistolas
464 3607 509 3670 ad
530 3607 709 3672 universos
724 3608 916 3673 Britanniae
933 3609 1019 3672 fines
1042 3609 1122 3673 diri.-

177 3724 275 3786 gens,
286 3706 452 3787 praecepit
467 3713 506 3770 ut
520 3725 651 3784 omues,
666 3707 725 3789 qui
742 3715 930 3790 potuerunt
940 3728 1037 3773 arma
1053 3729 1124 3772 mo-

178 3823 271 3882 vere,
294 3805 337 3867 ad
365 3824 443 3868 eum
468 3807 680 3888 quamtotius
701 3808 936 3884 convenirent,
958 3816 994 3872 et
1015 3827 1124 3891 paga·

176 3922 241 3967 nos
267 3905 499 3969 exterminare
517 3923 538 3968 a
554 3904 746 3969 Britanniae
768 3906 892 3970 finibus
915 3907 1122 3972 laborarent.

177 4002 410 4084 Congregatis
425 4004 532 4085 igitur
553 4005 722 4082 omnibus,
747 4007 919 4086 promovit
934 4007 1124 4071 exercitum

216 4228 221 4257 ¹
232 4222 433 4295 erningehem]
452 4227 652 4290 Couisborougb.
688 4229 736 4279 See
746 4228 867 4279 Gibson's
878 4230 999 4294 Camden,
1011 4231 1037 4280 ii.
1050 4234 1090 4281 82.
