2888 4852
190 590 277 632 Parion
285 590 309 630 ot

189 644 210 685 Β.
219 642 314 683 nutura

199 3172 313 3223 Denegeld.

347 398 413 461 440
606 413 739 461 sooner
764 413 810 460 nn
829 411 1035 460 wnuuovnr

350 573 538 648 sauciatur,
571 572 615 635 ad
647 572 792 635 classem
824 569 1072 653 perducitur,
1062 589 1098 632 ru
1124 586 1305 632 carcerem

350 672 551 749 retruditur,
574 680 610 735 et
634 690 852 754 permenses
875 676 1007 752 septem
1032 669 1082 733 ibi
1106 675 1305 751 torquetur,

350 780 391 836 ut
415 791 452 835 se
482 771 526 834 ad
558 770 793 834 redimendum
824 770 1005 834 lacessitus
1031 768 1166 853 injuriis
1192 786 1304 848 coge·

351 881 471 950 retur;
503 871 564 935 sed
589 869 680 934 inter
709 870 782 933 haec
812 870 939 946 omnia,
967 869 1004 932 in
1027 867 1193 951 populum
1221 867 1304 930 infi-

352 971 461 1034 delem
490 970 542 1032 ira
568 969 694 1033 divinae
717 968 908 1033 clementiae
931 969 983 1032 ita
1008 967 1164 1044 desaevit,
1186 974 1226 1030 ut
1254 986 1303 1030 ex

352 1071 402 1134 eis
435 1069 479 1133 ad
510 1069 579 1133 duo
607 1068 716 1132 millia
743 1088 805 1151 per
831 1069 1084 1132 interaneorum
1111 1066 1306 1130 dirissimos

352 1170 526 1233 cruciatus
548 1174 759 1250 prostraret3
783 1167 843 1231 sed
867 1186 944 1231 cum
964 1186 1027 1232 uec
1044 1167 1093 1231 sic
1108 1165 1307 1249 proditores

353 1264 492 1333 nefandi
517 1266 561 1331 ad
584 1265 822 1350 poenitentiam
848 1266 993 1330 fuissent
1014 1265 1205 1349 provocati,
1226 1265 1306 1328 Da·

354 1388 420 1432 nus
443 1367 596 1450 quidam,
618 1366 750 1430 Thrum
775 1367 921 1444 nomine,
942 1385 1020 1430 cum
1045 1365 1177 1430 videret
1200 1382 1306 1428 sanc·

355 1474 429 1531 tum
459 1465 754 1549 archiepiscopum
784 1466 892 1529 tantis
924 1465 1031 1547 affligi
1059 1464 1238 1529 tormentis
1267 1471 1307 1528 et

355 1567 455 1649 quasi
478 1567 565 1631 mori
589 1584 658 1629 non
683 1585 797 1649 posse,
819 1564 926 1646 impia
947 1565 1076 1648 pietate
1098 1571 1306 1640 commotus,

355 1667 502 1730 securim
526 1665 633 1746 capiti
660 1665 736 1748 ejus
762 1664 887 1740 infixit,
913 1672 949 1729 et
976 1665 1021 1727 ab
1045 1663 1307 1745 archiepiscopo

356 1773 556 1830 constanter
583 1762 760 1828 Christum
793 1763 977 1827 confitente
1009 1771 1194 1846 martyrem
1226 1762 1304 1843 glo·

356 1864 485 1929 riosum
514 1862 675 1940 efficiens,
700 1863 851 1927 animam
882 1862 1098 1927 exultantem
1128 1861 1172 1925 ad
1198 1861 1305 1925 caelos

357 1963 561 2027 transmisit.
613 1955 675 2026 ¹1n
703 1963 780 2026 loco
803 1981 941 2046 quoque
967 1961 1149 2046 passionis,
1171 1960 1306 2042 lignum

357 2063 491 2126 aridum
519 2081 640 2126 cruore
665 2061 741 2146 ejus
765 2080 970 2144 respersum,
997 2081 1075 2125 cum
1109 2061 1174 2124 sub
1202 2061 1308 2124 unius

358 2163 470 2226 noctis
503 2161 649 2225 termino
680 2161 836 2238 reviruit,
868 2166 904 2224 et
934 2160 1072 2224 frondes
1104 2179 1182 2225 cum
1214 2159 1308 2223 foliis

359 2262 484 2336 emisit,
510 2259 678 2337 infideles,
703 2261 778 2324 viso
805 2259 983 2337 miraculo,
1010 2259 1181 2343 perterriti
1212 2268 1309 2337 sunt,¹

358 2368 394 2424 et
426 2378 551 2441 corpus
584 2359 838 2423 sanctissimum
872 2359 1030 2424 certatim
1065 2358 1307 2422 deosculantes

360 2458 559 2523 Londonius
591 2457 676 2520 illud
705 2458 783 2521 vehi
813 2459 1027 2540 permittunt,
1058 2458 1117 2522 ubi
1151 2457 1308 2523 honestae

360 2557 508 2621 traditur
528 2557 728 2640 sepulturae.
781 2557 927 2634 Deinde,
944 2558 1087 2621 decurso
1104 2558 1220 2621 decem
1244 2577 1309 2621 au·

360 2676 481 2721 norum
507 2657 633 2739 spatio,
649 2657 738 2720 idem
761 2676 886 2739 corpus
909 2658 952 2720 ab
969 2657 1061 2721 omni
1077 2658 1308 2739 corruptionis

359 2756 436 2820 labe
463 2756 613 2820 immune
639 2755 791 2819 levatum
815 2754 1040 2820 Cantuariam
1071 2755 1223 2820 defertur
1248 2757 1309 2820 de-

359 2856 494 2920 centius
518 2856 767 2931 collocaudum,
785 2856 844 2918 ubi
867 2874 976 2936 usque
998 2856 1034 2918 in
1051 2875 1203 2938 praeseus
1220 2863 1309 2919 tem-

359 2974 425 3038 pus
448 2975 566 3020 recens
589 2955 691 3018 durat
715 2955 871 3036 sanguis,
891 2962 927 3018 et
949 2956 1103 3038 corporis
1124 2956 1309 3037 integritas

356 3054 503 3119 illibata.

416 3154 504 3218 Post
532 3154 619 3230 haec,
648 3154 881 3218 invalescente
911 3173 973 3236 per
1003 3161 1111 3219 totam
1143 3153 1310 3236 Angliam

360 3253 513 3336 generali
532 3254 780 3336 persecutionis
795 3255 901 3331 rabie,
917 3254 1068 3336 perfidus
1085 3248 1169 3317 ²duu
1185 3254 1309 3318 Eadri·

361 3372 433 3429 cus,
457 3362 492 3417 et
515 3372 633 3417 omnes
657 3353 894 3436 cujuscunque
920 3353 1048 3416 ordinis
1071 3361 1105 3418 et
1128 3354 1309 3436 dignitatis

360 3452 537 3534 primates,
577 3461 658 3515 ante
694 3451 898 3515 Paschalem
935 3453 1176 3517 solennitatem
1214 3454 1308 3536 apud

360 3552 478 3614 urbem
502 3549 758 3614 Loudoniarum
785 3553 998 3633 congregati,
1026 3552 1157 3615 tamdiu
1180 3553 1307 3616 ibidem

360 3668 437 3712 cum
464 3669 545 3729 rege
567 3668 697 3712 moram
721 3649 887 3728 fecerunt,
907 3670 1087 3733 quousque
1110 3652 1221 3714 Danis
1246 3653 1309 3715 tri·

360 3749 481 3812 butum
511 3741 757 3829 ³quadraginta
788 3756 866 3812 octo
895 3750 1040 3814 millium
1070 3751 1234 3814 librarum
1266 3771 1308 3815 eo

361 3988 366 4000 1
394 3918 402 3948 ¹
415 3917 446 3997 lq
457 3917 506 3964 loco
516 3914 627 3996 mue]
650 3914 829 4031 'l'heffollorr-'
842 3917 889 4014 the,
898 3917 958 3965 Sar.
978 3917 1072 3998 Chrou.
1090 3918 1140 3966 aud
1159 3920 1287 4006 Florence.

359 3984 737 4115 litltltstllflf.
749 3984 818 4034 “⁵
843 3986 1243 4107 usssi‘l‘fml‘ii‘sffclssl.
1252 3991 1308 4107 {¹33

395 4124 477 4176 ’Dux
489 4125 618 4187 liudricus,
629 4129 653 4173 et
664 4125 765 4186 ornare]
788 4123 819 4172 ln
843 4125 1010 4186 Huutingdou
1022 4141 1078 4188 say,
1085 4128 1144 4188 only
1152 4129 1222 4191 eight
1234 4129 1307 4177 thou·

359 4196 400 4245 the
419 4193 629 4257 yearsollorring,
642 4193 776 4255 according
793 4197 819 4241 to
843 4195 917 4244 saud.
