2888 4852
324 383 389 449 182
579 402 713 451 nocam
738 404 784 451 nn
807 404 1013 454 wnnnovna

325 554 517 625 Gedwalla¹
542 561 634 626 enim
657 582 733 638 rex,
753 569 789 625 et
811 561 918 626 frater
939 561 1015 646 ejus
1033 559 1110 624 Mul
1133 561 1275 644 provin·

324 660 412 724 ciam
429 661 524 724 illam
543 662 702 743 ingressi,
719 660 816 724 nullo
838 662 1027 726 obsistente
1049 681 1125 724 eam
1140 660 1275 744 deprae·

325 759 398 824 dati
422 781 464 825 ac
488 761 690 844 depopulati
714 769 807 838 sunt,
830 782 908 844 quae
925 761 1062 826 saevitia
1086 780 1148 842 per
1167 760 1275 824 trien·

323 860 419 924 nium
442 860 593 938 duravit,
611 861 720 924 donec
736 854 833 925 2ΜιιΙ
856 861 1034 944 praetatus,
1060 861 1173 924 inanis
1198 860 1276 942 glo-

323 959 383 1023 riae
406 961 563 1044 cupidus,
593 962 778 1025 immatura
802 968 912 1026 morte
941 968 1142 1044 praeventus
1165 960 1275 1023 vitam

187 1078 245 1158 ‘'⁸ss
265 1130 290 1160 ν
323 1061 533 1125 terminavit.
586 1061 715 1125 Eodem
731 1080 824 1125 anno
839 1059 1016 1125 Cedwalla
1029 1079 1092 1123 rex
1106 1058 1276 1143 praefatus

285 1146 291 1167 ’
324 1158 472 1224 Vectem
486 1161 635 1225 insulam
647 1160 860 1244 subjugavit,
870 1153 1275 1243 regemque³Athelwol-

324 1259 406 1324 dnm
440 1261 642 1324 australium
674 1260 865 1337 Saxonum,
898 1260 958 1342 qui
991 1267 1072 1323 tunc
1103 1257 1274 1323 insulanis

323 1360 475 1442 praefuit,
507 1360 637 1424 crudeli
670 1367 780 1425 morte
810 1360 956 1443 peremit
986 1378 1027 1423 ac
1059 1358 1273 1443 provinciam

321 1459 416 1523 illam
439 1479 535 1524 saeva
558 1460 824 1543 depopulatione
849 1459 1037 1538 contrivit;
1061 1458 1122 1522 sed
1143 1477 1227 1521 mox
1252 1477 1275 1522 a

323 1558 467 1624 ducibus
494 1558 717 1638 Athelwoldi,
752 1560 907 1623 Bertuno
944 1567 980 1623 et
1009 1556 1173 1635 Anduno,
1210 1577 1273 1621 ex-

322 1660 455 1741 pulsuS,
476 1679 620 1741 regnum
642 1660 817 1743 praedictis
840 1659 985 1723 ducibus
1006 1658 1158 1740 reliquit,
1179 1657 1274 1740 quod

321 1759 373 1822 iili
388 1760 550 1842 deinceps
567 1759 675 1823 multo
694 1766 847 1842 tempore
866 1766 1060 1823 tenuerunt.
1113 1757 1197 1821 Fuit
1211 1776 1273 1821 au-

321 1865 391 1922 tern
415 1858 604 1936 Cedwalla,
632 1866 673 1922 ut
702 1879 808 1943 snpra
838 1858 968 1923 dictum
1000 1866 1054 1922 est
1082 1855 1272 1921 secundum

321 1958 484 2022 chronica
521 1958 728 2042 Anglorum,
758 1958 850 2022 filins
884 1957 1078 2036 Kineberti,
1109 1957 1169 2039 qui
1204 1955 1273 2021 snit

322 2056 484 2136 Ceaddae,
499 2059 558 2141 qui
580 2059 647 2123 fuit
664 2057 801 2135 Cuthae,
820 2058 880 2142 qui
901 2058 967 2122 fuit
982 2056 1151 2122 Ceaulini.
1203 2056 1272 2121 Sed

320 2159 386 2221 sub
402 2158 539 2221 silentio
557 2159 833 2241 praetereundum
853 2177 923 2221 non
939 2177 1015 2221 esse
1030 2177 1107 2222 reor
1126 2156 1169 2221 de
1183 2155 1270 2221 duo·

320 2257 386 2319 bus
404 2256 484 2320 filiis
499 2255 667 2334 Arwaldi,
687 2257 807 2321 Vectae
831 2258 953 2320 insulae
976 2257 1165 2339 subreguli,
1182 2275 1269 2339 qua-

320 2353 401 2419 liter
419 2365 501 2420 sunt
523 2356 590 2420 Dei
613 2357 728 2439 gratia
749 2356 915 2439 martyrio
935 2357 1102 2421 coronati.
1153 2355 1272 2439 Siqui-

263 2469 264 2472 ’
321 2454 398 2518 dem
413 2456 670 2520 imminentibus
684 2456 807 2520 insulae
830 2455 999 2532 hostibus,
1017 2456 1061 2519 ad
1075 2457 1270 2539 proximam

321 2553 343 2618 J
348 2562 483 2618 ntorum
504 2555 717 2638 provinciam
739 2555 941 2638 perfugam
964 2555 1072 2637 elapsi
1095 2561 1189 2633 sunt,
1207 2556 1269 2620 sed
1361 2613 1363 2617 Α

320 2647 463 2718 *ibidem
489 2655 595 2719 delati
623 2663 669 2731 et,
690 2655 834 2738 jubente
864 2654 1052 2732 Cedwalla,
1080 2663 1164 2719 sunt
1190 2676 1269 2738 per·

320 2755 451 2838 empti3
482 2755 573 2838 quod
601 2775 680 2818 cum
707 2754 860 2818 audisset
886 2749 1012 2818 ⁵abbas
1036 2755 1078 2818 de
1102 2754 1270 2834 Rediord,

319 2873 387 2917 non
406 2855 508 2936 longe
528 2856 775 2918 monasterium
797 2855 940 2931 habens,
957 2854 1054 2918 venit
1070 2854 1114 2917 ad
1138 2875 1268 2936 regem,

318 2955 578 3037 postulavitque
600 2956 644 3019 ab
668 2974 722 3032 eo,
739 2962 778 3018 nt
794 2955 823 3016 si
846 2974 972 3036 pueros
992 2955 1134 3037 perdere
1148 2955 1268 3033 vellet,

317 3054 414 3136 prius
440 3054 560 3118 liceret
581 3074 640 3118 eos
662 3054 742 3118 fidei
767 3054 873 3117 imbui
903 3055 1147 3135 sacramentis;
1173 3055 1267 3138 quod

318 3171 395 3216 cum
413 3173 476 3218 rex
492 3154 672 3218 annuisset
685 3162 721 3218 et
734 3153 830 3218 sonte
846 3153 991 3229 salutari
1011 3161 1128 3217 essent
1143 3155 1267 3233 abluti,

316 3251 468 3317 instante
485 3253 658 3330 camifice,
674 3261 819 3317 mortem
835 3253 908 3318 laeti
931 3254 1111 3317 subierunt
1132 3261 1267 3338 tempo·

314 3350 435 3429 ralem,
452 3372 633 3435 perquam
656 3374 694 3417 se
717 3353 886 3417 advitam
907 3360 1109 3436 perpetuam
1130 3353 1267 3420 indubi·
1353 3350 1359 3359 ’

316 3455 431 3515 tanter
448 3453 655 3516 transituros
672 3453 839 3517 sciebant.

350 3621 357 3650 ¹
372 3626 516 3688 cedwalla]
532 3626 586 3674 The
597 3626 738 3676 remainder
749 3627 779 3675 oi
801 3626 960 3689 Malmsbury
972 3628 1022 3677 and
1034 3628 1107 3678 Beda
1117 3631 1125 3658 ‘
1135 3631 1266 3682 Edeiwai-

314 3692 364 3742 this
375 3694 480 3756 chapter
490 3697 512 3744 is
524 3696 650 3757 compiled
658 3696 720 3745 from
732 3696 775 3745 the
799 3696 892 3745 chius!

313 3762 398 3812 Saxon
416 3764 558 3824 Chronicle,
582 3766 615 3814 ad
637 3781 695 3816 ann.
715 3770 773 3828 686,
835 3763 951 3815 *Ibidem
972 3767 1070 3832 delati]
1108 3770 1179 3821 Beda
1199 3773 1264 3823 culis

313 3834 370 3895 687,
382 3834 432 3882 and
444 3833 525 3897 Beda,
537 3832 550 3901 ᾗ
560 3839 619 3898 297,
629 3850 693 3901 seqq.
799 3835 841 3884 the
853 3835 926 3897 place
945 3836 1004 3884 ‘Ad
1020 3835 1151 3902 lapidem,'
1163 3847 1265 3908 conjec-

346 3931 357 3964 ,
368 3935 446 3999 M]
470 3936 513 3984 He
526 3952 581 3986 m
598 3938 707 4000 ΝΜ,
722 3938 772 3987 and
799 3906 872 3954 tured
890 3907 924 3966 by
943 3905 1056 3956 Camden
1075 3914 1101 3958 to
1123 3910 1154 3961 be
1174 3913 1264 3964 Stone·

311 4006 403 4054 twcive
422 4005 506 4055 others
523 4008 587 4057 with
608 4007 668 4058 him.
711 4009 772 4058 Sex.
799 3974 939 4093 hainffig
949 3975 1141 4107 {tuffiffin'
1183 4053 1208 4105 c
1244 4059 1250 4071 .

310 4074 421 4145 ΟΜ.
798 4071 1264 4184 ωὼι,αι)ωιοῑηεᾱῑο’,οηῖῥῗῖ

345 4174 575 4243 ἈίὴεὶωοὶάιηιᾹ
611 4180 694 4231 called
737 4183 771 4243 by
797 4184 895 4247 bridge.
932 4183 1105 4252 neumae.
