2888 4852
198 2018 254 2059 An.
264 2019 309 2057 66³.

199 2069 301 2109 Priscian.

349 409 393 474 82
604 424 738 473 uocum
763 424 811 472 nr
833 421 1042 472 wnnoovua

351 585 544 650 Santonum
576 582 750 666 episcopo,
791 580 911 646 multis
944 579 1142 666 virtutibus
1167 577 1304 642 claruit.

322 746 327 755 .
352 685 541 750 Britannos
564 704 647 749 vero
666 690 808 766 propter
834 701 933 746 suam
950 680 1224 746 maledictionem
1239 697 1302 743 va·

352 787 413 850 riis
428 785 584 849 cladibus
603 784 783 861 adductos,
800 783 884 847 data
905 802 1042 846 rursum
1066 779 1304 846 benedictione

352 887 493 951 sanavit
511 892 547 950 ct
561 885 723 949 absolvit.
776 883 846 948 Per
859 883 950 949 idem
960 891 1110 966 tempus,
1120 881 1304 962 Sampson,

354 987 519 1052 Dolensis
534 985 814 1075 archiepiscopus
827 991 863 1048 et
874 1003 1052 1050 successor
1062 982 1174 1046 sancti
1184 979 1308 1062 Samp-

353 1088 449 1153 sonis
465 1086 524 1170 qui
546 1086 590 1150 dc
605 1085 792 1150 Britannia
809 1085 933 1170 majori
951 1084 994 1150 ad
1011 1083 1178 1147 minorem
1193 1088 1308 1146 trans-

356 1188 409 1265 iit,
427 1188 536 1252 claret
549 1186 737 1250 sanctitate
753 1185 974 1252 etdoctrina.

687 1359 832 1445 Maloitas
846 1359 967 1425 mantis.

406 1484 511 1552 Anno
542 1483 664 1568 gratiae
694 1501 810 1548 nnxu.
836 1485 873 1548 in
904 1482 1024 1549 Gallia
1057 1501 1169 1559 mons,
1204 1500 1311 1564 snper

358 1586 566 1654 Rhodanum
585 1585 728 1650 fluvium
746 1585 864 1649 multis
879 1585 1001 1650 diebus
1017 1583 1104 1649 dans
1123 1584 1307 1664 mugitum,

358 1687 497 1754 tandem
522 1688 567 1751 ab
589 1686 658 1751 alio
680 1693 797 1750 monte
814 1686 880 1750 sibi
895 1686 1010 1751 vicino
1026 1684 1215 1762 discussus
1229 1703 1308 1748 cum

357 1789 512 1854 ecclesiis
526 1795 562 1851 et
576 1786 747 1864 domibus,
758 1785 953 1851 hominibus
966 1793 1002 1850 et
1017 1785 1149 1862 bestiis,
1159 1785 1195 1848 in
1213 1784 1309 1850 Rho·

358 1889 488 1955 danum
505 1886 742 1971 praecipitatus
760 1894 825 1952 est.

409 1986 515 2054 Anno
541 1987 663 2069 gratiae
688 2003 822 2052 unum.
849 1986 1040 2052 floruerunt
1065 1985 1189 2052 Romae
1217 1985 1315 2051 Pris-

198 2117 348 2168 rmorngn.
361 2089 482 2154 cianus
518 2085 788 2164 Grammaticus,
824 2095 859 2152 et
895 2085 1026 2153 Arator
1064 2086 1310 2164 subdiaconus,

207 3539 261 3579 M).
272 3541 317 3578 565.

206 3590 278 3630 sunto
288 3589 319 3629 11.

206 3651 309 3691 emperor.

362 2189 420 2272 qui
435 2187 683 2271 Apostolorum
706 2196 806 2252 actus
823 2188 977 2253 versibus
997 2187 1207 2254 hexametris
1232 2207 1314 2271 per-

362 2290 487 2353 oravit.
539 2288 675 2352 Floruit
715 2289 819 2352 etiam
853 2282 1100 2365 ¹Fortunatus,
1130 2291 1185 2355 vir
1214 2308 1313 2371 egre·

362 2389 452 2472 gius,
481 2388 621 2471 ingenio
652 2388 779 2466 clarus,
812 2408 916 2453 sensu
949 2389 1052 2466 celer,
1087 2409 1147 2454 ore
1183 2387 1315 2466 suavis,

364 2488 425 2572 qui
450 2490 494 2553 ab
510 2488 617 2553 Italia
636 2488 787 2553 Turonis
803 2490 957 2567 veniens,
981 2497 1080 2553 actus
1102 2490 1195 2554 beati
1218 2490 1316 2554 Mar-

366 2590 430 2654 tini
453 2596 604 2673 quatuor
637 2589 734 2653 libris
759 2589 897 2654 heroico
926 2597 1037 2655 metro
1065 2589 1228 2672 digessit3
1261 2591 1315 2655 iu·

364 2690 475 2773 deque
498 2697 708 2774 assumptus,
725 2689 950 2755 Pictavorum
973 2697 1027 2754 est
1048 2690 1226 2756 ordinatus
1242 2693 1317 2775 epi-

365 2810 503 2874 scopus.
1003 2861 1005 2866 ,
1157 2852 1161 2861 .

417 2889 521 2955 Anno
539 2890 662 2972 gratiae
680 2907 808 2968 nnxw,
826 2889 992 2955 Lothario
1006 2911 1087 2973 rege
1103 2893 1315 2956 Francorum

367 2990 540 3067 defuncto,
550 2984 713 3074 ²quatuor
722 2991 782 3054 filii
795 2991 872 3076 ejus
883 3011 1027 3073 regnum
1042 2991 1181 3057 intense
1190 2992 1316 3057 divise-

366 3099 459 3168 runt,
482 3110 627 3174 quornm
653 3092 904 3175 primogenitus
920 3090 1136 3176 Chilpericus
1159 3092 1318 3175 regnarit

367 3191 604 3272 annisviginti
620 3192 742 3256 tribus.

669 3382 817 3447 lustinus
832 3383 1012 3468 imperator.

371 3522 374 3529 ·
413 3503 516 3570 Anno
531 3508 654 3590 gratiae
667 3523 779 3571 um.
789 3500 826 3570 ³J
828 3508 964 3571 ustinus
973 3507 1105 3592 junior,
1118 3507 1316 3572 Romanum

369 3603 516 3689 adeptus
546 3608 740 3691 imperium,
774 3607 873 3671 annis
911 3607 1091 3673 duodecim
1123 3609 1318 3691 imperavit.

406 3870 598 3934 ¹Fortnnctur.]
620 3873 662 3924 He
679 3874 740 3924 died
756 3875 833 3924 about
858 3874 1321 3940 monemusigebertorssurgundy,

370 3947 429 3993 60⁰.
477 3945 529 3993 His
556 3960 643 4006 poems
678 3943 742 3994 have
770 3946 833 3995 been
858 3947 909 3996 aud
920 3946 1176 4008 Chilpericolhletz.

371 4013 470 4074 printed
493 4015 567 4063 twice
586 4020 612 4064 at
632 4016 767 4078 Mayeuce,
783 4015 833 4065 aud

371 4083 518 4133 elsewhere.
894 4081 1042 4133 ’destines
1057 4077 1172 4154 janium]
1203 4082 1246 4133 He
1267 4098 1322 4133 wne
1368 4114 1371 4119 ι

405 4149 683 4219 ’θωὴονῇὶίίᾴω.]
701 4155 834 4205 Charihert
859 4155 976 4204 cmwued
995 4169 1109 4216 emperor
1129 4158 1160 4204 14
1178 4155 1245 4205 Nor.
1264 4158 1322 4218 565,

370 4223 474 4273 became
487 4223 549 4285 king
566 4224 594 4272 ol
610 4226 695 4289 Paris,
719 4226 834 4276 Gontran
845 4206 848 4291 Ι
859 4224 909 4274 aud
921 4224 980 4274 died
992 4231 1007 4272 o
1019 4225 1078 4274 Oct.
1090 4229 1146 4274 ⁶78.
