2888 4852
412 439 552 490 rnonns
575 438 845 488 ursronrsuun.
1036 421 1103 487 415

150 597 244 680 capti
266 606 350 663 sunt
375 605 411 663 et
433 598 532 663 bonis
557 598 717 663 omnibus
740 597 904 682 spoliati3
926 596 1017 660 unde
1039 616 1102 661 rex

153 697 334 780 Eadgarus
349 699 402 762 ira
418 706 623 776 commotus,
639 700 676 763 in
699 705 857 781 raptores
880 697 959 761 illus
976 697 1027 761 ita
1042 696 1102 760 de-

150 798 264 876 saevit,
279 798 372 880 quod
390 818 509 862 omnes
523 817 545 861 a
560 799 663 862 rebus
678 797 805 862 habitis
827 797 1002 880 spoliavit,
1017 802 1105 861 non·

152 897 266 961 nullos
282 918 364 961 vero
381 898 455 962 vita
471 897 634 981 privavit.
672 897 744 962 Sub
759 898 812 961 his
827 917 966 980 quoque
982 896 1103 961 diebus

152 997 343 1061 revelatum
361 1005 413 1061 est
422 998 556 1061 caelitus
566 1017 692 1080 corpus
704 999 816 1062 beatae
826 995 965 1078 Algivae
980 996 1103 1060 matris

155 1096 309 1179 Eadgari
325 1096 430 1180 regis,
443 1097 480 1161 in
502 1097 591 1174 luco,
606 1097 667 1180 qui
684 1097 851 1180 Septonia
871 1104 1101 1180 nuncupatur.

154 1196 285 1261 Eodem
313 1216 404 1261 anno
426 1217 489 1260 rex
507 1196 679 1261 Pacificas
706 1197 900 1279 Eadgarus,
916 1196 959 1260 ad
982 1198 1103 1260 urbem

155 1295 346 1377 Legionum
361 1296 514 1374 veniens,
534 1290 596 1361 ¹ab
615 1304 694 1361 octo
711 1296 906 1378 subregulis
921 1294 1005 1374 suis,
1021 1289 1104 1360 'Ri-

153 1395 240 1461 noth
261 1396 393 1460 scilicet
414 1415 495 1478 rege
519 1396 713 1472 Scotorum,
730 1395 917 1460 Malcolmo
936 1394 1104 1461 Cumbro·

154 1515 243 1572 rum,
261 1495 410 1560 Macone
425 1515 507 1577 rege
524 1496 641 1560 Monee
666 1501 701 1558 et
722 1495 948 1579 plurimarum
972 1494 1103 1558 insula-

154 1615 243 1671 rum,
267 1595 404 1659 Dusual
431 1615 512 1677 rege
537 1595 720 1672 Demetiae,
746 1594 873 1659 Silerth
904 1604 941 1658 et
971 1593 1102 1659 Huwal

153 1695 294 1776 regibus
309 1694 462 1773 Walliee,
477 1693 500 1758 J
504 1695 613 1759 acobo
630 1714 711 1776 rege
728 1693 936 1771 Galwalliae,
951 1701 987 1758 et
1002 1693 1025 1758 J
1028 1693 1102 1758 nkil

153 1793 397 1873 Westimeriae,
416 1795 652 1880 juramentum
680 1794 867 1859 fidelitatis.
884 1793 1038 1876 accepit3
1067 1800 1104 1858 et

153 1895 190 1958 in
204 1896 358 1959 crastino
375 1915 452 1959 cum
469 1893 539 1959 illis
556 1913 679 1959 navem
698 1894 898 1972 ascendens,
909 1894 1103 1976 subregulis

155 1994 199 2058 ad
216 2014 328 2059 remos
343 1995 479 2071 locatis,
490 1995 564 2077 ipse
581 1994 853 2076 gubernaculum
868 1993 1026 2075 arripuit,
1040 2013 1104 2057 na·

155 2094 373 2176 siculumque
395 2113 457 2176 per
470 2113 608 2158 cursum
631 2093 782 2157 fluminis
804 2093 914 2178 perite
939 2093 1104 2175 dirigens,

154 2194 273 2258 multis
299 2192 557 2270 admirantibus,
586 2192 690 2258 simili
715 2193 856 2275 navigio
879 2193 1104 2276 sequentibus

155 2294 376 2375 magnatibus
398 2293 580 2372 universis,
598 2313 620 2358 a
634 2293 766 2376 palatio
783 2292 950 2375 usquead
966 2311 1104 2356 monas·

156 2394 280 2457 terium
303 2394 415 2457 sancti
431 2392 454 2457 J
457 2393 603 2458 ohannis
623 2392 795 2475 Baptistae
822 2391 1013 2475 navigavit,
1033 2392 1104 2470 ubi,

156 2494 281 2557 divinis
298 2491 446 2575 expletis
459 2493 672 2569 ministeriis,
690 2492 809 2557 eadem
825 2512 953 2575 pompa
974 2492 1018 2556 ad
1041 2512 1104 2575 pa·

156 2592 278 2657 latium
301 2593 476 2672 remeavit,
494 2592 683 2675 quoddam
705 2592 863 2669 intraret,
881 2592 1105 2674 optimatibus

157 2693 288 2756 dixisse
314 2692 436 2769 fertur,
464 2713 558 2757 nunc
591 2692 728 2755 demum
762 2710 932 2773 quemque
965 2711 1104 2755 suornm

157 2811 394 2856 successorum
409 2811 448 2856 se
462 2811 565 2874 posse
591 2790 732 2872 gloriari
750 2809 865 2872 regem
881 2790 956 2854 fore
972 2788 1105 2871 Angla·

157 2911 246 2968 rum,
262 2911 340 2955 cum
365 2898 419 2955 tot
441 2892 579 2973 regibus
601 2889 667 2954 sibi
689 2889 957 2972 obsequentibus
982 2889 1105 2953 talium

155 3009 285 3073 pompa
305 2991 476 3073 potiretur
492 2988 672 3054 hunorum.
723 2989 854 3054 Eodem
871 3007 963 3053 anno
986 2996 1105 3054 terrae·

155 3097 270 3154 motus
284 3109 431 3172 magnus
445 3096 555 3154 totam
569 3085 734 3172 Angliem
752 3089 937 3154 concussit.

238 3262 288 3326 Do
296 3260 470 3347 praecientia
484 3257 547 3326 sine
561 3260 769 3344 munificentie
783 3260 931 3348 Eodpari
945 3262 1033 3348 repro.

207 3385 315 3452 Anno
330 3384 472 3452 Domini
486 3402 717 3450 nccccnxxv.
733 3405 796 3450 rex
807 3386 988 3469 Eadgarus
1004 3384 1107 3451 Paci·
1119 3409 1174 3451 nn.
1184 3411 1229 3451 or.

156 3488 254 3564 ficus,
276 3481 393 3569 ³regni
426 3486 480 3550 sui
508 3485 722 3568 prospiciens
744 3486 887 3551 utilitati
913 3487 1045 3568 pariter
1072 3464 1210 3564 etliffl.

157 3587 276 3669 quieti,
300 3593 452 3669 quatuor
478 3585 588 3650 millia
610 3585 829 3668 octingentas
855 3584 921 3650 sibi
946 3587 1108 3651 robustas

158 3687 386 3769 congregavit
414 3704 544 3765 naves3
568 3705 587 3750 e
611 3685 736 3768 quibus
764 3685 858 3749 mille
882 3685 1049 3751 ducentas
1071 3686 1107 3750 in

158 3785 264 3868 plaga
289 3784 429 3867 Angliee
456 3785 630 3863 orientali,
654 3785 748 3849 mille
770 3785 939 3870 ducentas
960 3786 997 3849 in
1019 3786 1110 3852 occi·

194 3960 202 3994 ¹
213 3961 253 4012 Aa
270 3966 321 4011 octo
332 3960 491 4024 subregulis]
509 3961 543 4011 So
553 3961 621 4012 Flor.
646 3976 688 4011 ror
705 3960 735 4010 of
753 3960 795 4011 tbe
814 3962 896 4011 scribe
916 3962 955 4011 ior
972 3962 981 3991 ⁴
991 3957 1108 4012 Kenetb.’

159 4033 209 4084 and
221 4034 321 4081 Simeon
331 4047 339 4092 ;
350 4031 392 4080 the
403 4031 566 4081 Suebron.
575 4031 622 4081 bas
680 4028 692 4061 ⁸
703 4031 786 4094 Regni
807 4032 846 4081 tui
866 4032 1015 4095 promamus
1039 4032 1109 4082 utili-

158 4105 200 4153 the
208 4104 322 4164 number,
334 4102 384 4164 six,
394 4102 441 4150 but
451 4101 513 4151 does
529 4106 573 4151 not
583 4116 622 4151 re·
646 4096 717 4169 tuti]
735 4101 859 4163 Compare
871 4101 913 4150 the
925 4101 1055 4163 following
1066 4116 1110 4151 ac-

157 4174 217 4224 cord
228 4173 270 4221 the
281 4185 377 4223 names.
645 4176 721 4220 count
733 4171 794 4223 with
806 4172 935 4234 Florence,
952 4171 987 4221 ad
997 4187 1040 4223 an.
1050 4175 1109 4234 ste,

193 4240 204 4274 ²
225 4243 317 4292 ltiaott
328 4243 363 4306 ,·]
387 4240 515 4302 evidently
532 4254 564 4290 an
582 4254 621 4290 er·
644 4241 694 4290 and
707 4239 875 4304 Melmsbury,
886 4257 931 4304 pp.
941 4245 1001 4306 ttl,
1011 4246 1069 4293 262.
