2888 4852
332 384 398 451 312
590 401 725 448 uocari
749 401 796 448 nu
819 400 1025 448 wunoovua

336 566 409 622 tum
434 558 476 622 de
502 559 620 642 stipite
642 558 853 622 truculenter
879 556 1050 633 avulsum,
1071 556 1162 620 inter
1178 558 1284 621 verba

336 659 503 722 orationis
529 667 565 722 et
593 659 809 722 consessione
832 656 962 720 Christi
987 656 1147 732 nominis,
1180 657 1284 720 unico

334 757 407 822 ictu
423 759 536 839 ipsum
554 757 783 840 decapitando
803 755 1006 819 duodecimo
1029 754 1197 819 kalendas
1211 756 1283 819 De·

335 858 482 921 cambris
493 858 728 939 gratissimum
744 856 821 920 Deo
830 856 1083 931 holocaustum,
1099 863 1136 920 et
1151 856 1186 918 in
1201 856 1283 937 igne

336 956 508 1038 passionis
519 957 765 1033 examinatum,
780 975 857 1018 cum
870 955 987 1037 palma
1003 955 1158 1019 victoriae
1175 962 1210 1018 et
1224 975 1282 1020 co-

335 1074 422 1120 rona
429 1055 579 1138 justitiae
591 1056 782 1120 transmisit
802 1054 846 1119 ad
865 1053 999 1118 caelum.
1051 1053 1187 1137 Corpus
1203 1074 1283 1119 vero

335 1154 499 1237 martyris
524 1154 673 1219 ministri
702 1154 831 1218 diaboli
860 1154 974 1236 capite
1004 1161 1202 1218 truncatum
1228 1175 1282 1219 re·

334 1254 542 1338 linquentes,
556 1262 592 1318 et
613 1255 649 1318 in
671 1254 808 1330 silvam,
825 1253 882 1317 cui
898 1252 1134 1317 Haeilesdune
1156 1273 1280 1318 nomen

335 1360 400 1429 est,
415 1354 652 1436 adportantes,
666 1354 757 1418 inter
771 1353 878 1417 densa
889 1352 1045 1435 veprium
1061 1352 1190 1418 fruteta
1200 1373 1281 1436 pro-

329 1452 511 1536 jecerunt;
535 1453 646 1519 adhuc
672 1454 762 1517 enim
786 1453 991 1517 laborabant
1005 1451 1141 1517 lanistae
1158 1453 1280 1535 iniqui,

333 1571 377 1616 ne
391 1572 412 1617 a
429 1552 650 1631 Christiania,
668 1573 754 1636 quos
772 1572 901 1636 paucos
918 1553 1121 1634 superstites
1135 1553 1281 1635 relique-

332 1661 424 1731 rant,
439 1656 565 1737 corpus
580 1653 741 1736 martyris
756 1652 956 1734 sepulturae,
972 1658 1012 1716 ut
1029 1652 1184 1729 decebat,
1200 1672 1278 1716 cum

332 1753 446 1834 capite
464 1753 666 1818 traderetur.
719 1752 922 1816 Didicerant
944 1769 1093 1833 namquo
1116 1750 1279 1834 Hinguar

331 1859 368 1916 et
384 1850 527 1930 Hubba,
549 1854 672 1935 piratae
696 1852 908 1935 nequissimi,
922 1850 959 1913 in
982 1850 1072 1914 silva
1092 1849 1278 1933 jamdicta

331 1949 413 2015 olim
435 1952 478 2015 de
502 1952 616 2017 medio
637 1952 811 2016 sublatum
837 1952 943 2014 fuisse
960 1949 1192 2014 Lothbrocum
1213 1970 1275 2034 pa-

330 2058 418 2115 trem
445 2071 566 2131 sunm;
597 2052 687 2115 unde
714 2051 804 2115 falsa
833 2051 1057 2133 suggestione
1084 2050 1191 2113 Berni
1215 2071 1275 2115 ve·

329 2151 475 2227 natoris,
500 2151 595 2216 beati
619 2151 712 2233 regis
734 2158 769 2214 et
791 2150 952 2232 martyris
979 2149 1173 2213 Eadmundi
1196 2151 1276 2214 tali-

329 2268 430 2314 onem
456 2250 597 2314 reddere
626 2251 814 2333 cupientes,
842 2251 878 2313 in
905 2249 995 2312 silva
1022 2248 1141 2313 eadem
1171 2259 1278 2333 caput

328 2348 405 2431 ejus
420 2349 647 2431 ignominiose
664 2350 896 2433 projecerunt,
907 2348 1098 2430 avibusque
1113 2350 1188 2413 caeli
1204 2357 1274 2414 tra·

329 2447 450 2512 dentes
474 2456 509 2512 et
534 2448 655 2513 bestiis
686 2448 931 2514 devorandum.
984 2447 1116 2512 Passus
1138 2456 1191 2512 est
1216 2469 1274 2513 au·

329 2554 400 2610 tem
413 2567 490 2612 cum
506 2549 723 2613 sanctissimo
743 2568 824 2631 rege
842 2547 1045 2611 Eadmundo
1061 2567 1175 2612 comes
1198 2550 1274 2633 ejus

327 2645 525 2711 individuus
555 2648 784 2725 Hurnbertus,
813 2647 1093 2711 Helmhamensis
1118 2650 1275 2728 antistes,

327 2746 514 2827 quiregem
530 2749 676 2812 eundem
698 2748 734 2810 in
758 2748 854 2829 regni
873 2747 1049 2828 fastigium
1067 2748 1274 2813 sublimave-

326 2852 394 2922 rat,
410 2854 445 2911 et
460 2847 657 2911 constantia
673 2847 793 2910 invicti
810 2848 902 2927 regis
919 2846 962 2909 ad
981 2848 1182 2929 martyrium
1201 2850 1274 2912 ani·

326 2953 454 3024 metue,
469 2966 546 3010 cum
566 2948 643 3030 ipso
666 2955 719 3010 est
741 2947 838 3026 regni
861 2946 1009 3010 caelestis
1030 2965 1208 3029 possessor
1223 2949 1273 3011 es·

326 3045 449 3110 sectus.
483 3045 608 3129 Sicque
625 3065 706 3127 rege
721 3046 919 3109 beatissimo
934 3046 978 3108 ad
993 3045 1145 3110 caelestia
1161 3053 1273 3111 trans-

325 3144 411 3221 lato,
440 3147 568 3227 pagani
590 3146 733 3208 nimium
755 3145 943 3226 gloriantes
965 3144 1216 3228 hyemaverunt
1236 3149 1284 3211 in·

325 3244 467 3327 regione
483 3245 555 3321 illa,
571 3244 727 3325 expulsis
744 3245 864 3326 paucis
877 3245 1059 3325 indigenis,
1077 3246 1136 3326 qui
1151 3265 1272 3329 super-

325 3344 426 3407 stites
437 3344 528 3407 cladi
540 3344 714 3426 praedictae
726 3344 876 3407 fuerunt.
929 3344 1058 3407 Eodem
1069 3363 1159 3408 anno
1169 3345 1271 3409 Ceol·

325 3442 464 3518 nothus,
479 3442 739 3506 Cantuarieusis
763 3443 1054 3525 archiepiscopus,
1071 3443 1161 3507 diem
1178 3445 1272 3509 clau·

323 3539 371 3604 sit
383 3548 588 3618 extremum,
604 3542 660 3605 cui
678 3544 845 3606 successit
857 3536 1088 3620 ¹Ethelredus,
1100 3544 1154 3607 vir
1166 3564 1269 3609 vene—

322 3640 452 3705 randus
465 3648 501 3704 et
515 3641 551 3705 in
568 3642 669 3705 rebus
683 3641 809 3705 divinis
823 3641 1031 3706 sufficienter
1046 3643 1213 3708 eruditus.

354 3904 561 3977 ¹Ethelredu35]
586 3910 668 3959 called
691 3911 717 3958 in
740 3910 782 3959 the
807 3911 841 3973 by
853 3912 972 3961 lloreuce
991 3913 1016 3961 in
1034 3917 1096 3974 8893
1113 3915 1134 3962 it
1148 3921 1267 3968 occurred

318 3978 379 4029 Sex.
397 3978 491 4028 Chrou.
516 3979 680 4040 ‘Aetherea’
697 3981 781 4029 where
805 3997 837 4030 on
846 3982 888 4030 the
896 3982 945 4030 last
953 3982 1004 4043 day
1015 3983 1126 4033 ofluue.
1150 3985 1267 4039 Obituar.

318 4047 351 4096 he
370 4049 393 4096 is
411 4049 467 4097 said
485 4054 511 4097 to
531 4049 594 4098 have
611 4050 671 4097 died
686 4051 711 4097 in
723 4055 780 4100 888.
806 4052 926 4102 Cautum.
938 4052 1016 4114 Angl.
1028 4053 1098 4102 Sacr.
1110 4054 1128 4103 i.
1141 4070 1167 4116 p.
1179 4060 1219 4105 53.

318 4116 368 4168 llis
379 4118 455 4168 death
466 4119 489 4169 is
500 4119 619 4168 recorded
636 4121 717 4169 below
729 4121 778 4169 aud
