2888 4852
426 441 566 491 emaus
590 440 861 491 ursroaranuu.
1055 427 1120 493 173

164 591 255 658 rium
291 604 329 660 et
367 595 444 681 ejus
480 594 657 680 dogmata,
693 597 1118 682 Constantinopolitanam

163 702 287 759 contra
312 698 489 762 vesaniam
517 697 715 763 Macedonii
744 706 780 763 et
815 700 966 764 Eudoxii
997 709 1032 765 et
1059 721 1118 765 eo·

163 814 240 858 rum
264 795 442 879 dogmata,
467 797 676 880 Ephesinum
701 807 825 863 contra
851 799 1052 865 Nestorium
1082 809 1118 866 et

166 895 243 979 ejus
261 896 438 979 dogmata,
454 897 771 962 chalcedonensem
793 908 916 963 contra
937 900 1118 984 Eutychen

167 1001 202 1059 et
223 994 427 1061 Nestorium
458 1005 494 1062 et
520 1018 638 1063 eorum
666 998 844 1079 dogmata,
869 998 1118 1065 Constantino·

166 1094 357 1177 politanam
382 1098 568 1162 secundam
590 1104 712 1163 contra
734 1099 954 1163 Theodorum
978 1107 1013 1164 et
1030 1100 1117 1166 Ihen

168 1202 202 1260 et
221 1195 392 1280 Cyrillum
417 1203 590 1263 eteorum
614 1199 801 1281 dogmata3
828 1199 987 1264 addimus
1012 1202 1117 1266 etiam

167 1302 202 1359 et
217 1304 357 1361 sextam
380 1299 565 1381 synodum,
588 1306 742 1382 tempore
759 1299 905 1364 Martini
923 1319 1023 1383 papae
1042 1301 1118 1366 Ro-

167 1414 233 1459 mae
258 1407 506 1480 congregatam
534 1407 656 1464 contra
685 1399 843 1464 haeresim
868 1400 1144 1467 Monothelita··

168 1514 256 1574 rum,
288 1496 480 1580 imperante
505 1498 736 1564 Constantino
768 1500 976 1584 imperatore
998 1501 1119 1566 Chris·

168 1594 373 1662 tiauissimo.
432 1597 646 1682 Suscipimus
678 1607 713 1664 et
739 1600 975 1681 glorificamus
1004 1601 1117 1666 Deum

168 1695 450 1780 omnipotentem,
464 1699 556 1763 sicut
570 1699 622 1763 illi
644 1699 937 1781 glorificaverunt,
955 1701 1040 1765 nihil
1058 1702 1120 1765 ud·

169 1795 290 1862 dentes
315 1797 401 1862 nihil
426 1798 693 1878 subtrahentes3
725 1800 929 1864 damnamus
955 1820 1043 1884 quos
1067 1802 1120 1866 illi

169 1895 432 1976 damnaverunt,
456 1907 492 1963 et
515 1899 721 1981 suscipimus
746 1920 833 1985 quos
864 1902 931 1984 ipsi
956 1920 1118 1984 suscepe-

168 2004 262 2074 runt,
294 2017 376 2081 quae
405 2000 522 2064 omnia
555 2000 705 2063 tenenda
735 2002 993 2078 subscribimus,
1028 2003 1120 2065 sicut

167 2097 281 2162 sancti
298 2096 448 2180 apostoli
469 2106 505 2164 et
526 2098 705 2182 propheta
723 2100 766 2164 de
783 2101 860 2165 Deo
883 2110 1065 2167 senserunt
1085 2109 1120 2167 et

167 2198 392 2282 scripserunt.
443 2196 581 2264 Amen!

170 2371 311 2458 Corpora
336 2382 512 2438 macrum
532 2373 693 2438 Benedicti
714 2382 743 2439 ot
764 2372 855 2438 doctu
870 2372 1063 2439 Scholastica
1083 2374 1122 2439 dc

219 2481 318 2537 monto
334 2473 459 2538 ansiuc
480 2474 526 2539 ad
544 2475 760 2540 murium
773 2474 970 2540 Εἰονίαοωιεο
985 2475 1121 2561 tranasse·

219 2582 346 2639 mutar.

221 2697 328 2765 Anno
359 2698 483 2783 gratie
512 2716 698 2764 ncnxxxl.
730 2693 993 2765 ¹monasterium
1030 2699 1187 2806 apudrn
1179 2714 1251 2804 ΗΜ,

170 2799 194 2865 J
197 2819 310 2865 arewa
329 2800 511 2865 fundatum
532 2807 597 2865 est
650 2799 831 2864 Paridem
855 2808 991 2883 tempus
1013 2801 1145 2864 abbaso
1131 2817 1219 2905 gamo
1133 2765 1268 2904 ⁷⁰2¹&

170 2900 371 2964 monasterii
388 2900 631 2978 Floriacensis,
652 2900 790 2964 nomine
804 2894 1047 2977 'Mummolua
1070 2877 1221 2964 re-Ja'r'ror-

172 2999 346 3064 velatione
376 2999 496 3065 diviua
524 3001 761 3083 praemonitus,
793 3001 887 3065 misit
915 3000 1122 3065 monachum

170 3118 273 3165 auum
293 3096 475 3182 Aigulfum
503 3099 547 3164 ad
579 3110 729 3165 montem
757 3100 953 3178 Cassinum,
978 3108 1018 3165 ut
1043 3101 1122 3165 inde

172 3200 239 3264 sibi
254 3199 404 3265 deferret
417 3200 627 3265 sanctissimi
643 3219 768 3282 corpus
784 3200 976 3265 Benedicti.
1029 3201 1122 3265 Nam

171 3301 382 3378 coenobium,
406 3300 498 3383 quod
522 3300 648 3364 ibidem
677 3300 853 3382 quondam
878 3307 1123 3365 construxerat

172 3399 261 3465 idem
278 3400 501 3478 Benedictus,
523 3419 545 3463 a
562 3399 802 3481 Longobardis
824 3400 938 3463 iuerat
960 3401 1123 3464 devasta-

173 3506 245 3565 tum
286 3512 322 3565 et
350 3500 388 3564 in
425 3500 646 3565 solitudinem
681 3500 881 3578 redactum3
919 3500 967 3563 ibi
1006 3506 1123 3563 tamen

171 3599 283 3664 macti
300 3619 426 3683 corpus
442 3600 634 3678 Benedicti,
650 3619 729 3664 oum
744 3619 888 3682 corpore
904 3600 1032 3664 sororis
1049 3618 1123 3664 suue

207 3820 411 3875 ’Μηνίου-ἕω
431 3826 495 3889 opud
514 3818 635 3893 dertusa]
661 3823 752 3873 molus.
789 3821 897 3878 Hewas
913 3821 956 3871 the
973 3823 1066 3872 second
1077 3824 1123 3872 ab·

173 3896 222 3945 For
237 3911 270 3947 an
287 3900 395 3945 account
410 3895 440 3944 ot'
452 3894 494 3944 the
512 3893 635 3957 founding
659 3894 703 3942 bot
713 3893 743 3942 ot'
752 3892 854 3953 Fleury,
865 3891 950 3943 where
962 3893 993 3943 be
1004 3894 1123 3955 presiued

172 3966 202 4015 oi
213 3966 256 4016 the
276 3970 418 4027 monastery
437 3963 467 4013 oi
481 3965 507 4014 S.
521 3965 588 4013 Paul
609 3969 636 4014 at
660 3963 699 4012 t'or
709 3963 787 4023 thirty
797 3976 880 4023 years.
918 3962 968 4011 His
983 3964 1087 4025 epitaph
1100 3964 1123 4012 is

173 4034 274 4086 Jarrorr
285 4039 320 4098 by
331 4034 455 4084 &nediu
471 4034 576 4095 Biscop‚
593 4033 635 4083 the
660 4032 759 4095 printed
771 4034 805 4092 by
818 4032 951 4093 Mabillon,
962 4033 1046 4081 where
1063 4046 1122 4093 may

173 4107 262 4156 render
272 4108 296 4157 is
311 4105 422 4157 referred
437 4110 464 4154 to
475 4104 607 4167 Dugdale,
617 4105 635 4154 i.
660 4104 715 4152 also
727 4104 757 4152 be
768 4101 846 4150 found
866 4116 898 4150 un
915 4106 1022 4151 account
1038 4102 1067 4150 oi
1080 4101 1122 4150 the

172 4192 200 4239 p.
211 4180 268 4227 ⁶⁰1.
660 4171 807 4223 translation
821 4170 850 4220 ol
863 4172 891 4221 S.
903 4172 1034 4222 Benedict.
1068 4170 1121 4219 An·

204 4242 389 4310 'Mummiam
397 4244 478 4296 called
486 4244 542 4294 also
552 4244 634 4294 Num·
660 4244 711 4294 nal.
722 4244 741 4293 i.
753 4257 796 4305 pp.
808 4246 867 4304 428,
878 4246 935 4292 oto.
