2888 4852
374 393 440 464 2134
631 409 765 458 uocatu
789 410 837 457 na
859 408 1074 458 wannovna-

214 590 333 641 aanor
377 579 451 635 tum
480 569 564 634 nihil
596 575 671 632 erat
699 566 790 648 quod
817 567 956 647 impune
986 571 1104 647 posset
1130 564 1229 644 tangi
1260 564 1334 627 etsi

215 643 310 684 ⁶³³⁸*
379 677 498 753 posset
514 666 635 744 videri,
657 667 821 731 continuo
842 666 946 742 enirn,
963 671 1003 728 ut
1017 665 1096 746 quis
1117 682 1259 726 manum
1284 662 1333 726 ad

378 768 645 851 contingendum
674 774 823 848 aptaret,
855 765 1060 830 videbantur
1089 783 1209 828 omnes
1239 763 1342 831 ima-.

377 870 475 951 gines
498 868 568 931 illae
596 867 754 948 prosilire
779 873 815 929 et
837 867 1003 946 impetum
1028 863 1141 927 facere
1167 863 1204 926 in
1235 881 1333 944 prae-

377 975 599 1050 sumptorem.
638 964 719 1043 Quo
747 966 869 1029 timore
890 982 1030 1046 pressus
1052 961 1279 1037 Gerebertus,
1310 980 1335 1024 a

377 1068 481 1132 rebus
498 1065 665 1129 abstinuit
687 1064 890 1146 concupitis,
911 1063 970 1127 sed
993 1062 1225 1127 cubicularius
1250 1061 1332 1125 cul·

377 1166 497 1230 tellum
523 1164 708 1229 artificiose
730 1165 830 1226 nimis
855 1169 1048 1245 operatum,
1070 1181 1172 1244 quem
1194 1180 1330 1228 mensae

377 1264 465 1330 vidit
485 1263 751 1347 superpositum,
772 1262 929 1343 arripuit,
954 1263 1141 1344 arbitratus
1161 1263 1197 1325 in
1223 1269 1330 1326 tanta

376 1366 478 1447 copia
501 1383 646 1446 parvum
667 1362 886 1426 latrocinium
913 1380 1015 1443 posse
1040 1360 1171 1439 latere;
1203 1380 1329 1425 verum

376 1484 458 1529 mox
481 1464 639 1527 omnibus
660 1461 868 1543 imaginibus
887 1480 965 1524 cnm
983 1460 1119 1524 fremitu
1136 1480 1333 1542 exsurgen-

376 1564 481 1642 tibus,
500 1582 586 1644 puer
606 1561 733 1625 emissa
753 1561 885 1642 sagitta
903 1560 939 1624 in
961 1561 1207 1624 carbunculum
1230 1566 1334 1625 tene-

375 1663 456 1726 bras
480 1661 631 1739 induxit,
653 1668 689 1725 et
708 1660 775 1723 nisi
793 1660 852 1725 ille
873 1661 1006 1725 monitu
1029 1658 1157 1724 domini
1179 1658 1234 1723 sui
1250 1661 1331 1724 cul.

376 1761 496 1825 tellum
516 1760 659 1843 rejicere
674 1759 912 1835 accelerasset,
928 1778 1054 1841 graves
1076 1761 1176 1824 ambo
1197 1779 1328 1841 poenas

376 1860 611 1942 pertulissent.
672 1857 743 1936 Sic,
771 1878 839 1922 non
866 1859 996 1922 satiata
1021 1856 1201 1923 Gerebcrti
1226 1860 1329 1940 cupi·

375 1959 467 2037 dine,
481 1959 610 2023 reversi
625 1963 708 2022 sunt
723 1956 869 2035 confusi,
877 1976 1017 2040 gressus
1030 1946 1329 2022 eorum‘lantcrna

375 2058 556 2141 dirigente.

630 2229 680 2294 De
696 2229 813 2295 Oarrtt'ae
826 2227 1066 2315 depopalzrtioae.

318 2395 324 2407 ·
425 2350 530 2418 Anno
546 2352 689 2417 Domini
709 2347 1176 2437 nccccxc1x.¹paganorum
1191 2354 1329 2418 exerci-

246 2430 312 2508 ἐι).
377 2458 435 2516 tus
456 2452 626 2517 nefandus
640 2451 776 2517 Cantiae
798 2454 1046 2518 occidentalem
1061 2453 1200 2535 plagam
1215 2453 1328 2519 ferme

376 2558 484 2614 totam
501 2552 655 2616 demoliti
676 2560 769 2629 sunt,
791 2553 881 2617 unde
903 2554 947 2617 ad
966 2552 1179 2617 Roffensium
1202 2555 1326 2618 urbem

375 2649 523 2728 devecti,
538 2670 613 2715 eam
636 2653 813 2717 obsidione
828 2653 1069 2731 vallaverunt3
1093 2661 1214 2717 contra
1235 2673 1327 2735 quos

377 2748 646 2816 Cantuarienses
678 2751 842 2816 destinati
871 2772 1031 2836 asperum
1058 2772 1137 2816 cum
1166 2752 1215 2817 eis
1239 2773 1327 2818 con·

376 2848 508 2914 dictum
525 2851 687 2929 inierunt,
703 2852 776 2929 sed,
794 2851 873 2916 binc
893 2851 973 2916 inde
988 2852 1105 2917 multis
1121 2851 1327 2931 interfectis,

376 2947 470 3012 Dani
484 2951 623 3014 tandem
640 2952 820 3015 victoriam
836 2959 1075 3034 reportarunt;
1098 2959 1219 3016 contra
1233 2972 1326 3034 quos

375 3067 439 3111 rex
465 3048 671 3114 Ethalredns
703 3052 894 3116 exercitum
924 3051 1087 3134 dirigens,
1119 3071 1242 3134 parum
1267 3052 1326 3117 vel

375 3147 460 3210 nihil
476 3148 633 3230 profecit.

486 3330 555 3395 Iler
568 3329 751 3396 Etlolrodos
765 3331 868 3396 Morta
882 3331 1017 3397 iasodzm
1031 3330 1215 3418 subjecerit.

213 3461 338 3551 ἰδῇ-οἴῃ.
428 3450 532 3517 Anno
565 3453 706 3517 Domini
735 3472 775 3519 u.
807 3456 928 3520 classis
961 3457 1142 3522 Danorum
1175 3459 1327 3540 praefata

213 3560 365 3652 mm·
379 3549 630 3615 Normanniam
652 3552 824 3618 hostiliter
843 3557 979 3638 petivit,
995 3576 1066 3638 quo
1088 3557 1217 3632 audito,
1234 3557 1326 3621 Eth-

377 3650 514 3714 elredus
545 3670 607 3714 rex
629 3649 824 3734 Anglorum
854 3656 992 3720 interim
1016 3649 1149 3721 'Monac
1172 3656 1325 3721 insulam

378 3749 446 3813 sibi
460 3757 620 3831 potenter
635 3752 850 3835 subjugavit.

412 3978 419 4008 ¹
434 3982 589 4044 Pagomm
596 3979 742 4052 exercitas]
763 3985 837 4035 com-
861 3987 953 4036 elred's
963 3989 1083 4039 intention
1094 3993 1120 4038 to
1131 3989 1194 4038 bare
1205 3990 1326 4040 subdued

375 4066 437 4113 pare
448 4052 491 4101 the
502 4058 621 4101 accounts
632 4054 658 4102 in
669 4055 730 4102 Sar.
743 4054 836 4106 chron.
863 4056 1042 4121 cumberland,
1059 4060 1105 4107 but
1127 4059 1166 4107 bis
1189 4060 1246 4109 lieet
1268 4077 1325 4111 was

376 4120 566 4170 andFlorence.
862 4128 998 4188 prevented
1031 4129 1065 4188 by
1092 4135 1208 4192 conuary
1230 4131 1326 4184 winda.

410 4187 513 4241 'Mona
521 4191 645 4256 tardam]
663 4191 751 4244 Itwas
758 4193 837 4245 Aeth·
861 4197 923 4249 Sar.
934 4196 1037 4260 chron,
1048 4198 1116 4250 Flor.
