2888 4852
299 417 344 481 98
556 432 688 481 aoanru
713 433 760 481 nr
783 432 990 482 wuuoovaa

302 589 511 673 litaniasque
525 610 587 673 pro
610 609 675 653 sua
697 590 801 654 simul
815 598 994 667 eteorum,
1010 593 1151 671 propter
1164 607 1253 672 quos

302 690 528 768 advenerant,
561 689 674 754 salute
717 689 953 754 decantantes.
1016 688 1173 771 Cumque
1208 687 1254 752 ad

299 790 491 875 jussionem
513 791 605 873 regis
634 789 823 855 residentes
848 791 991 854 verbum
1015 789 1048 852 ei
1072 788 1155 853 vitae
1182 807 1254 852 una

305 910 382 954 cum
395 890 567 968 omnibus,
576 891 636 973 qui
650 889 1059 972 aderant,praedicarent;
1076 888 1256 971 respondit

304 989 364 1054 ille
387 990 518 1068 dicens,
544 990 721 1054 ‘Pulchra
743 990 883 1073 quidem
904 996 987 1052 sunt
1010 1007 1152 1071 eaquae
1176 1007 1254 1070 pro·

215 1143 217 1148 .
306 1090 429 1167 mittis,
450 1091 510 1154 sed
526 1092 609 1172 quia
631 1110 723 1154 nova
745 1095 828 1152 sunt
851 1096 888 1153 et
913 1088 997 1152 mihi
1017 1088 1162 1164 incerta,
1184 1107 1254 1152 non

307 1189 361 1252 his
384 1189 486 1253 modo
509 1209 649 1272 possum
671 1208 850 1253 assensum
873 1189 1038 1272 praehere,
1053 1187 1183 1251 relictis
1204 1188 1256 1250 eis

308 1309 387 1372 quae
403 1295 502 1353 tanto
516 1296 670 1372 tempore
683 1308 761 1353 curn
777 1308 855 1352 mea
871 1296 974 1370 gente
991 1287 1139 1351 servavi.
1185 1285 1255 1350 Ve-

307 1408 384 1451 rum
409 1389 492 1470 quia
515 1389 558 1452 de
579 1388 682 1471 longe
704 1389 772 1452 huc
792 1389 966 1471 peregrini
978 1385 1134 1464 venistis,
1156 1394 1193 1450 et
1215 1406 1257 1451 ea

309 1507 388 1570 quae
404 1506 466 1552 vos
483 1507 567 1552 vera
580 1497 615 1552 et
632 1489 763 1571 optima
779 1489 878 1552 nohis
891 1487 1143 1552 communioare
1165 1487 1257 1551 desi-

310 1587 470 1664 derastis,
492 1587 650 1651 nolumus
664 1588 762 1652 vohis
785 1607 860 1652 esse
886 1587 1034 1663 molesti,
1056 1586 1117 1650 sed
1138 1587 1255 1669 potins

310 1687 460 1769 benigno
473 1707 537 1751 vos
554 1687 706 1770 hospitio
728 1688 891 1770 recipere,
913 1695 1041 1769 atquae
1055 1686 1165 1750 victui
1176 1706 1256 1751 ves·

309 1794 364 1850 tro
381 1794 463 1850 sunt
485 1786 681 1851 necessaria
696 1788 913 1866 ministrare;
936 1805 1000 1850 nec
1022 1785 1256 1868 prohibemus,

309 1886 393 1968 quin
416 1904 535 1950 omnes
559 1906 646 1969 quos
668 1887 826 1970 poteritis
851 1887 931 1951 fidei
946 1893 1072 1951 vestrae
1095 1886 1256 1969 religioni

206 2004 207 2009 ¹
309 1985 529 2068 praedicando
545 1986 709 2050 societis.'
747 1986 853 2051 Dedit
869 2006 952 2069 ergo
962 1985 1012 2050 eis
1028 1978 1256 2050 ¹mansionem

310 2084 346 2148 in
375 2085 516 2149 civitate
543 2085 810 2163 Dorohemensi,
833 2106 911 2169 quae
936 2086 1071 2169 imperii
1100 2086 1155 2150 sui
1181 2094 1256 2151 erat

309 2192 427 2266 caput,
449 2185 508 2249 ubi
530 2191 712 2268 coeperunt
737 2186 963 2269 apostolicam
993 2186 1178 2268 primitivae
1199 2206 1257 2253 ee·

308 2284 424 2348 clasiae
449 2285 558 2348 vitam
581 2286 722 2362 imitari,
750 2285 962 2350 orationibus
985 2285 1147 2351 videlieet
1167 2287 1256 2350 assi·

308 2383 386 2447 duis
410 2402 451 2447 ac
471 2383 617 2467 jejuniis
639 2385 851 2462 inhaerendo,
865 2385 1007 2450 verbum
1023 2385 1106 2449 vitae
1129 2386 1257 2468 praedi·

306 2484 430 2562 cando,
453 2503 541 2567 quos
571 2492 732 2566 poterant
757 2485 897 2549 lavacro
925 2484 1047 2549 salutis
1075 2485 1258 2568 perfunde-

307 2584 404 2648 bant.
458 2583 534 2647 Nec
561 2603 669 2663 mora,
695 2585 912 2649 crediderunt
936 2578 1054 2649 'multi
1079 2592 1115 2649 et
1141 2586 1257 2669 bapti·

308 2685 488 2761 zabantur,
497 2683 673 2749 imitantes
687 2685 943 2768 simplicitatem
954 2684 1148 2749 innocentis
1160 2686 1256 2763 vitae,

308 2782 354 2846 ad
384 2783 598 2848 dulcedinem
620 2785 787 2848 doctrinar
816 2784 976 2849 caelestis.
1028 2783 1115 2848 Erat
1138 2792 1257 2849 autern

308 2902 416 2966 prope
442 2885 617 2949 civitatem
646 2885 757 2966 ipsam
780 2884 824 2948 ad
849 2885 1016 2948 orientem
1040 2884 1186 2948 ecclesia
1218 2886 1256 2949 in

308 2982 472 3046 honorem
487 2976 616 3047 ³sancti
636 2983 781 3048 Martini
804 2983 995 3067 antiquitus
1016 2983 1197 3061 fabricata,
1220 2985 1256 3048 in

309 3100 379 3165 qua
402 3083 533 3164 regina,
560 3083 632 3147 filia
653 3085 746 3166 regis
773 3083 942 3161 Franciae,
965 3084 1102 3148 nomine
1117 3077 1257 3163 ‘Berta,

309 3199 409 3245 orare
423 3190 663 3259 consueverat,
679 3184 738 3247 ubi
759 3185 870 3265 primo
887 3191 923 3248 et
940 3184 1007 3267 ipsi
1022 3184 1205 3249 convenire
1223 3191 1258 3250 et

308 3280 510 3363 praedicare,
536 3283 660 3346 missas
686 3282 859 3348 celebrare
887 3290 923 3347 et
944 3284 1119 3367 baptizare
1141 3303 1258 3368 coepe·

344 3523 539 3598 'Moesiorum
564 3530 640 3591 Upon
661 3531 703 3581 the
725 3548 772 3582 au·
797 3535 861 3583 been
896 3535 1016 3597 baptized
1042 3535 1078 3596 by
1104 3534 1258 3598 Angustiae.

308 3597 402 3660 thority
423 3598 452 3647 os
467 3599 560 3662 Thorn,
579 3600 645 3650 their
667 3602 771 3665 iodging
796 3605 892 3665 spelm.
904 3604 1001 3655 Concil.
1012 3619 1039 3667 p.
1051 3609 1092 3655 78.

308 3667 510 3718 ¹⁸⁸⁸³d¹⁰¹¹ffl³
522 3670 585 3718 '³⁰⁰¹'
596 3671 622 3718 1¹¹
634 3670 770 3734 ΨΜ
835 3703 1259 3772 ³san0au1mas1snut0nue

307 3737 337 3787 oi
352 3739 425 3788 aul
444 3738 508 3788 hee
533 3741 587 3789 ina
616 3741 623 3789 1

307 3754 557 3871 ὃωωεςαξεμκνὶῖἰοὴ
569 3743 771 3861 enlmatirirnmisnsgd1
795 3778 859 3896 ἷξες
886 3776 1063 3896 thetiffitfiffi
1085 3778 1260 3900 um

307 3893 337 3927 ns
354 3880 609 3941 an‘oratorium'by
626 3881 668 3930 the
684 3881 770 3946 king's
795 3862 822 3966 ὲ
852 3863 954 3967 ᾙΒΚ
996 3862 1024 3929 ⁹·
1058 3862 1107 3968 4⁰9}
1234 3865 1259 3902 ⁰⁰

306 3947 456 3999 housohold.
823 3932 853 3967 ⁰⁸
905 3933 917 3967 ⁵
954 3922 1069 3999 enm.
1109 3951 1116 3965 '

341 4014 462 4082 ‘Mona
479 4017 696 4069 Inaletterirom
705 4019 771 4070 Gra·
831 4015 952 4082 ‘Bertu.]
969 4019 1085 4069 Shewas
1100 4019 1144 4071 the
1159 4021 1259 4088 daugh-

306 4088 770 4152 gorytoEulogiusbishopofhlex·
795 4092 834 4136 ter
847 4089 876 4137 of
890 4088 1024 4137 Charibert
1040 4089 1102 4153 iring
1127 4091 1158 4141 oi
1174 4093 1260 4157 Paris,

305 4158 404 4220 andria,
427 4158 492 4208 itis
513 4159 598 4208 stated
623 4160 678 4208 that
701 4174 769 4209 more
795 4158 846 4206 and
867 4158 1020 4221 Iugoberga.
1062 4159 1142 4223 Gress.
1164 4163 1259 4216 'iuram

305 4227 365 4278 than
385 4234 427 4279 ten
443 4227 570 4279 thousand
592 4229 701 4292 English
718 4229 770 4279 had
797 4227 867 4279 Hist.
879 4228 969 4279 urano.
980 4229 1015 4280 iv.
1025 4231 1067 4280 w.
