2888 4852
421 435 561 484 ruonss
585 435 856 487 nrsuonrnnuu.
1046 422 1114 487 303

163 594 446 679 Tynemuthense
468 592 795 673 sanctimonialium,
824 594 1016 678 Gyrwense
1040 615 1114 661 mo-

164 693 365 771 nachorum,
401 702 435 758 et
467 693 767 773 Weremutbense,
797 696 833 757 in
862 697 987 778 quihus
1017 695 1114 759 Beda

164 795 345 877 presbyter
360 794 488 875 legitur
502 793 690 873 educatus3
715 793 999 859 streneshalense
1014 814 1114 859 sanc-

167 894 409 971 timonialium,
441 893 534 975 quod
566 893 676 956 Hilda
708 893 885 958 abbatissa
915 896 1116 959 beatissima

166 993 326 1057 fundavit
352 1000 388 1056 et
409 994 539 1058 multas
571 993 673 1056 ineo
698 994 849 1076 virgines
877 995 1115 1075 congregavit.

167 1093 215 1158 Et
236 1093 287 1157 sic
311 1092 450 1157 nefandi
476 1092 593 1170 duces,
618 1112 680 1175 per
708 1112 836 1176 pagum
863 1094 1117 1158 Eboracensem

166 1193 350 1257 transitum
378 1192 556 1269 facientes,
582 1192 758 1271 ecclesias,
781 1194 940 1258 civitates
965 1202 1001 1258 et
1015 1193 1116 1258 villas

166 1294 439 1370 combusserunt,
470 1292 625 1356 homines
662 1292 898 1377 cujuscunque
933 1312 1040 1357 sexus
1081 1301 1117 1357 et

168 1393 283 1456 aetatis
308 1412 386 1455 cum
412 1392 531 1474 spoliis
558 1399 594 1454 et
610 1391 778 1475 jumentis
800 1392 954 1456 funditus
980 1391 1119 1472 deleve-³

167 1499 271 1571 runt3
294 1491 416 1555 deinde
441 1511 576 1556 sursum
604 1512 666 1574 per
692 1491 820 1556 flumen
845 1490 996 1555 Humbri
1018 1493 1118 1556 navi·

170 1598 306 1673 ganteS,
334 1591 502 1655 consimili
524 1590 650 1654 ibidem
676 1591 771 1654 rabie
796 1591 1000 1668 saeviebant,
1023 1590 1119 1655 inde·

170 1710 237 1773 que
254 1691 430 1774 progressi
453 1697 579 1753 cuncta
602 1691 761 1754 coenobia
785 1692 820 1754 in
843 1690 1027 1773 paludibus
1049 1691 1119 1754 sita

169 1790 416 1855 monachorum
433 1809 475 1854 ac
495 1791 681 1872 virginum,
700 1789 889 1855 intersectis
914 1790 1118 1855 habitatori-

170 1889 248 1968 bus,
262 1890 517 1954 destruxerunt.
558 1888 696 1952 Horum
714 1896 830 1953 autem
847 1891 988 1954 nomina
1001 1909 1118 1953 coeno·
1132 1912 1211 1952 uma·
1220 1911 1245 1952 or

170 1989 305 2054 biorum
334 1997 428 2066 sunt,
454 1987 677 2064 Croulandia,
702 1989 888 2066 Thorneia,
909 1983 1119 2066 'Rameseia
1131 1962 1231 2052 iiiii?

171 2089 376 2165 Hamstede,
387 2089 478 2171 quod
492 2108 583 2151 nuuc
598 2088 776 2170 ‘Burgum
790 2089 902 2153 sancti
912 2087 1018 2153 Petri*
1035 2089 1119 2152 dici·
1131 2062 1248 2112 ‘mmm‘

170 2196 239 2266 tur,
264 2209 341 2253 cum
367 2189 482 2251 insula
509 2188 638 2250 Eliensi
661 2195 697 2252 et
721 2189 879 2252 coenobio
905 2189 988 2252 olim
1010 2188 1120 2252 samo·

170 2289 307 2352 sissimo
331 2287 564 2365 foeminarum,
588 2288 716 2370 inquo
744 2295 866 2352 sancta
880 2290 980 2370 virgo
1007 2295 1044 2352 et
1066 2307 1121 2352 re·

171 2389 254 2470 gina
270 2387 480 2452 Etheldreda
505 2388 691 2451 abbatissae
715 2385 863 2452 officium
880 2388 999 2453 multis
1022 2388 1122 2451 annis

171 2487 392 2552 laudabiliter
408 2485 620 2570 adimplevit.

330 2686 380 2749 Da
394 2706 488 2749 caasa
503 2685 652 2768 martyrii
665 2685 766 2750 sandi
780 2685 973 2750 Eodmmadi.

224 2810 329 2874 Nunc
352 2829 435 2891 ergo
458 2811 622 2891 quoniam
644 2809 679 2871 in
702 2810 939 2892 persecutione
961 2809 1031 2873 ista
1048 2809 1285 2891 glo-camora·

172 2911 285 2974 riosus
302 2903 381 2973 ²rex
403 2917 438 2973 et
453 2917 585 2992 martyr
601 2908 825 2973 Eadmundus
842 2908 967 2990 gladiis
986 2908 1122 2992 iniquo·
1133 2882 1263 2972 bibli?

174 3030 249 3073 rum
269 3009 433 3090 Hinguar
457 3016 492 3072 et
513 3008 654 3072 Hubhac
670 3009 815 3072 fratrum
839 3008 1040 3072 interfectus
1065 2983 1208 3072 oc·¹¹'¹¹⁰‘¹'

174 3111 305 3187 cubuit,
320 3109 464 3190 dignum
480 3116 533 3172 est
549 3108 614 3172 hoc
637 3109 672 3170 in
694 3107 771 3172 loco
787 3107 913 3171 referre
929 3108 1018 3171 tanti
1040 3126 1123 3172 cau·

173 3229 248 3273 sam
265 3208 434 3290 martyrii,
451 3216 487 3271 et
503 3208 594 3270 unde
610 3207 716 3271 duces
733 3207 889 3290 praedicti
907 3200 1123 3271 occasionem

174 3309 266 3373 nacti
284 3309 422 3371 filerunt
440 3326 556 3389 regem
574 3306 765 3390 piissimum
787 3326 871 3371 nece
893 3306 979 3370 adeo
1001 3305 1122 3371 crude·

172 3408 304 3472 lissima
328 3405 566 3471 condemnare.
619 3407 706 3470 Erat
720 3406 828 3489 igitur
848 3407 884 3469 in
911 3404 1031 3470 diebus
1053 3426 1123 3471 non

173 3507 276 3589 longe
301 3507 486 3590 praeteritis
511 3507 547 3570 in
573 3525 682 3588 regno
705 3507 885 3571 Danorum
907 3506 961 3571 vir
982 3505 1124 3589 quidam

211 3785 393 3857 'Romereia.]
422 3788 484 3837 This
506 3787 552 3836 has
573 3789 637 3838 been
663 3787 720 3837 that
735 3789 836 3838 written
853 3789 888 3851 by
907 3789 992 3851 Abho,
1008 3789 1084 3839 ahbot
1100 3789 1130 3839 ol

175 3860 264 3910 scored
275 3866 321 3910 out
338 3861 365 3908 in
383 3859 425 3908 the
437 3863 492 3908 text
502 3858 536 3919 by
547 3872 563 3906 a
573 3859 638 3907 later
665 3859 768 3920 lleurv,
775 3859 833 3907 who
844 3859 979 3909 tlourished
991 3864 1018 3907 at
1028 3859 1069 3908 the
1077 3859 1126 3908 eud

174 3930 252 3980 hand.
665 3927 694 3976 oi
709 3929 750 3977 the
766 3929 836 3977 tenth
853 3934 967 3990 century,
979 3929 1029 3978 and
1041 3928 1124 3978 which

211 4000 288 4049 'Rex
308 4004 332 4048 et
349 4002 443 4062 martyr
459 3997 639 4060 Eadmundus]
665 3997 687 4046 is
706 3999 806 4059 printed
828 3999 863 4059 by
880 3999 981 4058 Sarius,
1001 4003 1061 4047 tom.
1080 3998 1126 4048 vii.

175 4070 230 4120 'l'he
249 4069 293 4118 lite
313 4069 363 4117 aud
375 4068 477 4130 passion
489 4067 518 4116 oi
532 4067 559 4116 S.
572 4067 638 4115 Ead·
664 4083 691 4129 p.
709 4071 768 4117 465.
805 4068 928 4129 Compare
950 4069 1005 4117 also
1026 4067 1069 4116 the
1085 4081 1127 4116 ac·

146 4144 152 4151 '
175 4140 300 4202 mundas
309 4139 368 4188 here
381 4138 488 4198 related,
495 4152 604 4199 appears
614 4142 640 4186 to
665 4138 782 4199 countby
792 4137 861 4187 John
871 4138 1006 4199 Bromton;
1023 4136 1127 4198 Scriptt.

176 4209 241 4259 have
252 4211 316 4258 been
327 4209 405 4258 taken
416 4207 568 4269 principally
578 4205 639 4256 lrom
665 4207 731 4256 Dec.
741 4209 790 4257 col.
801 4210 859 4268 sot,
868 4221 933 4271 seqq.
