2888 4852
291 469 297 482 ι
338 389 403 453 204
595 406 729 454 nocant
753 405 801 452 ns
824 403 1032 452 wanoovnn

342 564 518 628 Saxonum
549 564 708 651 synodali
729 564 867 627 decreto
891 565 1062 628 statutum
1086 569 1151 638 est,
1175 561 1289 643 utqui

342 671 486 727 eatenus
510 663 554 726 ad
586 665 738 729 civitatis
761 663 947 739 Ventanae,
977 664 1033 726 cui
1057 670 1140 726 tunc
1163 659 1291 723 Daniel

341 770 503 844 praeerat,
527 763 724 844 parochiam
750 764 981 845 pertinebant,
1009 769 1044 826 et
1066 762 1132 843 ipsi
1159 753 1289 822 ¹sedem

342 862 573 945 episcopalem
602 881 644 926 ac
677 864 853 945 proprium
880 862 1047 926 haberent
1077 861 1289 942 episcopum.

343 959 576 1026 Consecratus
592 971 646 1026 est
663 970 779 1026 autem
805 964 855 1025 eis
874 962 1006 1044 primus
1029 961 1174 1024 antistes
1198 957 1287 1022 Ead-

341 1062 472 1138 bertus,
490 1062 638 1143 quierat
653 1063 760 1125 abbas
775 1061 975 1125 monasterii
990 1061 1101 1124 beatae
1116 1058 1289 1121 memoriae

341 1159 495 1224 Wilfn'di
513 1161 678 1244 episcopi,
694 1160 785 1243 quod
806 1155 976 1225 ²Seleseia
990 1159 1208 1241 appellatum
1231 1157 1290 1220 ubi

341 1259 431 1324 idem
463 1260 530 1323 Dei
544 1252 546 1257 ’
561 1259 711 1323 famulus
743 1260 886 1324 exilium
920 1279 983 1342 per
1015 1256 1286 1342 quinquennium

341 1378 465 1441 passus
491 1378 512 1422 a
538 1379 619 1441 rege
646 1359 800 1442 ejusdem
824 1359 1011 1441 provinciae
1037 1365 1163 1422 terram
1191 1361 1288 1420 o'cto·

315 1465 317 1470 '
341 1459 441 1540 ginta
455 1458 661 1522 familiarum
687 1459 931 1542 [impetravit],
945 1460 981 1523 in
999 1476 1069 1541 qua
1091 1458 1202 1521 socios
1226 1474 1289 1518 ex·

340 1557 415 1622 ules
437 1558 588 1639 recipere
611 1565 741 1641 posset,
764 1567 799 1622 et
815 1559 897 1622 vitae
920 1558 969 1621 eis
995 1555 1149 1621 subsidia
1170 1556 1289 1619 minis·

340 1665 445 1721 trare.
498 1657 563 1721 Est
577 1659 668 1722 enim
682 1659 779 1722 locus
796 1658 855 1721 ille
870 1657 1021 1740 undique
1034 1656 1120 1719 mari
1143 1656 1288 1719 circum·
1347 1669 1351 1678 ·

340 1755 455 1834 datus,
474 1764 601 1838 praeter
623 1758 667 1820 ab
690 1758 877 1834 occidente,
901 1756 991 1820 unde
1013 1755 1134 1819 habuit
1155 1756 1288 1835 ingres-

340 1874 416 1918 sum
446 1857 546 1938 quasi
578 1856 622 1920 ad
650 1856 784 1940 jactum
808 1856 949 1920 fundae:
980 1856 1071 1919 hunc
1098 1861 1214 1918 autem
1237 1853 1288 1917 lo·

340 1974 419 2019 cum
444 1975 523 2021 cum
547 1957 739 2038 accepisset
755 1955 951 2031 Wilfridus,
968 1954 1127 2018 fundavit
1143 1954 1191 2017 ibi
1214 1973 1289 2016 mo·⁴

340 2055 537 2134 casterium,
559 2074 600 2118 ac
618 2056 766 2137 regulari
783 2056 869 2134 vita,
885 2055 1036 2118 maxime
1058 2072 1102 2117 ex
1123 2054 1184 2129 eiS,
1201 2072 1288 2134 quos

340 2172 455 2218 secum
469 2154 675 2231 adduxerat,
697 2154 861 2219 fratribus
885 2153 1048 2230 instituit,
1063 2153 1154 2235 quod
1176 2152 1286 2216 multo

268 2290 270 2295 <
318 2261 420 2336 post
453 2262 607 2336 tempore
640 2274 856 2319 successores
896 2253 972 2336 ejus
1003 2259 1212 2331 tenuerunt;
1253 2258 1289 2315 et

340 2353 504 2434 quoniam
529 2353 580 2417 illi
611 2372 674 2417 rex
698 2353 865 2436 praefatus
887 2347 1140 2418 ³Athelwoldus
1169 2370 1289 2415 omnes

339 2450 525 2517 facultates
552 2472 630 2518 cum
656 2455 750 2534 agris
772 2461 807 2519 et
829 2453 1025 2517 hominibus
1041 2442 1195 2528 donavit,
1210 2451 1286 2515 uni·

340 2571 460 2616 versos
473 2553 521 2617 ibi
546 2553 706 2617 inventos
721 2554 942 2636 baptismatis
957 2551 1051 2615 unda
1065 2559 1287 2634 regeneratos

339 2650 375 2714 in
399 2652 466 2717 fide
480 2651 610 2717 Christi
635 2654 821 2717 roboravit.
876 2653 987 2716 Erant
1000 2659 1114 2715 autem
1132 2671 1286 2729 numero,

339 2750 431 2815 inter
457 2772 576 2817 servos
601 2760 636 2816 et
661 2753 817 2829 ancillas,
834 2752 935 2835 quasi
957 2751 1094 2815 ducenti
1114 2753 1286 2833 quinqua·

339 2850 451 2932 ginta,
468 2872 555 2935 quos
570 2872 689 2916 omnes
709 2854 800 2916 sicut
815 2872 836 2915 a
856 2851 1024 2915 servitute
1037 2849 1220 2928 diabolica,
1236 2852 1286 2915 ita

340 2951 444 3014 etiam
468 2953 619 3016 libertati
636 2951 809 3027 donando,
822 2952 910 3035 jugo
927 2951 1085 3014 bumanae
1109 2950 1286 3014 servitutis

339 3050 500 3115 absolvit.
554 3049 734 3116 Revocato
761 3060 876 3116 autem
892 3049 1055 3115 Wilfrido
1079 3049 1123 3112 ad
1146 3049 1287 3131 provin·

312 3148 428 3213 -ciam
455 3150 851 3228 Nortbanbumbrorum,
880 3151 991 3233 primo
1016 3149 1192 3213 Cedwalla
1223 3169 1285 3212 rex

338 3248 601 3313 occidentalium
619 3251 810 3328 Saxonum,
826 3271 867 3314 ao
883 3248 1006 3313 deinde
1017 3268 1196 3312 successor
1210 3249 1286 3331 ejus

339 3346 415 3424 Ine,
440 3349 578 3430 regibus
602 3349 694 3412 illius
723 3350 910 3432 provinciae
939 3349 1092 3412 subactis
1122 3354 1158 3411 et
1178 3348 1284 3412 inter·

338 3446 449 3522 fectis,
481 3467 623 3528 regnum
654 3448 738 3512 illud
778 3456 990 3527 tenuerunt;
1027 3447 1117 3511 unde
1155 3446 1285 3511 factum

338 3554 402 3622 est,
417 3554 455 3610 ut
471 3554 545 3610 toto
568 3546 629 3611 illo
653 3555 805 3630 tempore
830 3568 916 3629 gens
936 3549 997 3611 illa
1013 3546 1189 3630 proprium
1213 3547 1286 3628 epi·

264 3675 267 3681 ¹
337 3665 479 3727 scopum
496 3667 565 3710 non
588 3647 741 3723 baberet,
757 3647 815 3711 sed
833 3648 994 3730 episcopo
1012 3646 1184 3710 Ventanae
1201 3645 1286 3709 civi·

337 3745 433 3820 tatis,
455 3754 494 3809 ut
515 3746 718 3827 praedictum
741 3755 807 3823 est,
829 3747 1036 3830 subjaceret.
1088 3745 1175 3809 Post
1191 3745 1284 3808 Ead-

372 3978 480 4031 ’δαείω
490 3976 666 4050 episcopalem]
682 3981 798 4031 Thissee
857 3979 1013 4042 wama]
1044 3982 1107 4031 'l'his
1129 3987 1238 4030 account
1260 3983 1289 4032 of

336 4065 391 4100 was
418 4051 567 4100 afterwards
593 4052 744 4100 transferred
773 4057 798 4100 to
822 4051 1202 4113 selseyisfromlleda,§291.

337 4121 485 4171 Chicbaster
495 4123 528 4182 by
540 4122 656 4184 Stigaud,
666 4121 708 4171 the
720 4127 798 4171 twen·
860 4118 1063 4186 'Atbelwoldasd
1075 4122 1157 4171 called
1168 4122 1201 4182 by
1216 4121 1288 4172 Beda

336 4190 578 4253 ty=secondbisbop
824 4191 978 4241 AEdiluelch.
