2888 4852
536 402 709 450 rnnrscs.
1030 392 1094 455 xix

143 576 221 639 quae
247 558 430 634 canebant,
456 577 525 621 vox
552 559 620 623 ista
647 558 861 641 frequentius
886 567 940 623 est
963 558 1215 665 auditst2ql‘·{⁰⁴·

105 719 107 723 Α
143 654 323 720 ‘Albanus
346 657 399 721 vir
421 657 583 739 egregius
606 665 739 740 martyr
760 666 877 722 exstat
897 658 1093 740 gloriosus?
1106 637 1212 716 sisinn.

144 755 301 838 Cumque
330 755 463 821 adhoc
491 758 726 839 spectaculum
752 759 867 821 subito
892 757 988 821 fieret
1011 778 1093 822 con·

143 874 266 919 cursus
296 875 524 938 paganorum,
556 876 647 920 unus
677 876 722 919 ex
751 856 909 920 omnibus
937 857 972 918 in
1005 855 1094 922 hanc

145 973 264 1018 vocem
294 956 463 1037 prorupit,
487 954 603 1019 ‘Haec
629 955 798 1032 miranda,
825 975 904 1037 quae
927 955 1094 1033 videmus,

145 1053 323 1118 Christum
354 1054 421 1118 Dei
450 1054 569 1132 filium,
600 1053 732 1139 liquido
763 1062 912 1130 constat,
948 1056 1093 1137 operari.

145 1152 275 1217 Eamus
297 1161 334 1217 et
349 1154 563 1236 inquiramus
577 1154 689 1218 virum
713 1154 792 1231 Dei,
815 1153 887 1236 qui,
911 1154 1002 1217 sicut
1017 1172 1096 1218 nos·

144 1253 201 1329 tis,
216 1252 392 1317 Albanum
413 1251 633 1335 praedicando
649 1255 820 1318 convertit
834 1255 879 1318 ad
895 1252 1095 1317 Christum!

145 1351 304 1434 Cumque
326 1351 484 1415 omnibus
513 1352 584 1416 ista
613 1354 785 1417 sententia
820 1353 1019 1434 placuisset,
1050 1351 1094 1415 ad

144 1451 237 1514 mille
262 1451 417 1515 homines
437 1470 558 1515 versus
574 1450 738 1514 Walliam
763 1452 830 1516 iter
855 1452 1035 1533 arripiunt,
1059 1458 1095 1515 et

145 1551 257 1614 virum
283 1550 352 1614 Dei
373 1549 620 1632 Ampbibalum
644 1550 771 1613 ibidem
796 1552 1013 1626 invenerunt,
1039 1570 1093 1616 re·

145 1649 260 1732 gionis
284 1648 379 1712 illius
409 1649 604 1713 bominibus
631 1651 773 1714 verbum
797 1651 879 1714 vitae
902 1651 1093 1732 praedican-

145 1757 226 1815 tem.
279 1747 347 1812 Cui
363 1748 533 1813 adventus
550 1749 604 1812 sui
621 1768 762 1814 causam
775 1757 997 1831 exponentes,
1016 1768 1093 1813 cru-

145 1868 232 1926 cem,
260 1867 364 1931 quam
387 1866 450 1912 suo
475 1849 647 1931 quondam
675 1849 814 1914 Albano
835 1846 1095 1913 commendave-

144 1954 212 2024 rat,
241 1967 363 2012 cruore
390 1967 581 2030 respersam
605 1948 815 2011 obtulerunt.
861 1947 911 2012 At
934 1948 993 2012 ille
1017 1947 1093 2011 Deo

145 2045 279 2127 gratias
303 2066 410 2128 agens
434 2048 535 2112 novis
562 2047 777 2111 auditoribus
805 2046 887 2111 fecit
910 2046 954 2110 de
976 2047 1093 2128 religi-

145 2165 211 2211 one
236 2165 448 2224 sermonem3
475 2147 534 2228 qui
556 2165 639 2210 mox
660 2146 711 2211 illi
733 2147 1000 2221 consentientes,
1022 2146 1093 2228 sig·

144 2245 321 2322 naculum,
337 2245 428 2328 quod
444 2246 480 2308 in
497 2245 638 2310 cbristo
652 2253 718 2322 est,
733 2246 777 2309 ab
794 2245 869 2328 ejus
891 2245 999 2309 sacris
1020 2264 1094 2308 ma·

145 2346 247 2409 uibus
274 2344 435 2409 alacriter
460 2353 697 2426 susceperunt.
755 2344 803 2408 Et
826 2365 903 2409 cum
933 2344 1006 2408 dies
1031 2344 1095 2408 ali-

144 2451 231 2526 quot
255 2444 515 2526 praeteriissent,
541 2442 634 2507 fama
657 2442 740 2507 facti
757 2443 947 2508 Verolamii
975 2462 1095 2525 perve-

146 2545 208 2608 nit.
271 2543 376 2608 Cives
405 2563 499 2619 vero,
526 2543 631 2606 nimio
662 2541 778 2606 surore
808 2543 981 2619 commoti,
1013 2543 1095 2607 totis

145 2643 277 2707 viribus
307 2663 387 2707 cum
411 2642 544 2724 ingenti
570 2641 718 2722 strepitu
746 2641 812 2705 iter
841 2642 973 2718 ineunt,
1000 2642 1096 2706 acsi

146 2749 262 2805 essent
285 2741 330 2806 ad
356 2742 477 2824 praelia
506 2741 711 2824 processuri.
763 2738 953 2805 Audientes
981 2748 1096 2806 autem

146 2840 280 2905 celebre
307 2860 430 2904 nomen
456 2838 668 2922 Ampbibali,
691 2847 772 2922 post
798 2839 871 2905 dies
897 2840 1031 2923 aliquot
1052 2840 1096 2904 ad

147 2961 237 3018 eum,
265 2941 360 3004 fama
389 2940 547 3015 ducente,
579 2939 797 3020 perveniunt,
826 2948 863 3006 et
889 2939 924 3002 in
950 2939 1096 3003 circuitu

147 3039 222 3122 ejus
249 3059 337 3122 quos
362 3039 574 3121 quaerebant,
590 3038 705 3103 verbis
728 3039 821 3103 illius
845 3039 1026 3103 inveniunt
1044 3037 1097 3101 in·

149 3140 340 3204 tendentes.
392 3137 442 3203 At
461 3137 623 3218 gentiles,
646 3137 818 3202 diabolica
841 3138 969 3201 invecti
992 3137 1096 3214 furia,

147 3237 183 3301 in
207 3245 348 3301 sanctos
373 3237 440 3302 Dei
465 3237 592 3320 gladiis
617 3237 840 3301 saevientibus
865 3238 1012 3312 irruunt,
1041 3243 1096 3300 at·

148 3356 215 3419 que
231 3335 433 3416 corporibus
447 3355 566 3401 eorum
582 3335 739 3399 minutim
755 3335 964 3411 dilaceratis,
976 3337 1096 3399 beatas

149 3435 233 3500 caelo
255 3435 388 3499 animas
411 3454 489 3499 cum
514 3435 643 3517 gaudio
662 3433 874 3513 intulerunt3
896 3435 1015 3515 sicque
1037 3452 1096 3516 pa·

149 3541 201 3599 ter
227 3554 250 3598 a
272 3533 356 3610 filio,
381 3532 508 3599 fratres
532 3554 556 3599 a
583 3533 760 3609 fratribus,
788 3534 881 3596 cives
908 3553 929 3595 a
952 3533 1097 3607 civibus,

149 3633 375 3697 trucidantur.
435 3633 490 3697 Ex
517 3632 585 3697 hoc
613 3651 714 3697 sacro
738 3633 885 3713 collegio
912 3650 999 3695 unus
1024 3651 1098 3697 om·

149 3734 230 3798 nino
245 3731 428 3816 superfuit,
442 3733 515 3813 qui,
531 3733 567 3795 in
582 3732 641 3795 via
655 3732 810 3813 corporis
826 3730 1025 3794 infirmitate
1042 3730 1101 3795 de-

149 3841 277 3910 tentus,
292 3831 413 3897 adesse
430 3850 499 3895 non
514 3831 641 3913 potuit.
693 3831 843 3895 Sanctus
856 3829 1099 3914 Ampbibalus,

148 3934 299 3997 vallatus
331 3931 532 4012 corporibus
569 3931 773 4007 occisorum,
810 3931 929 3996 beatas
966 3930 1100 3994 animas

150 4032 299 4096 Domino
312 4030 588 4107 commendabat,
601 4030 637 4092 in
652 4050 754 4113 quem
771 4032 904 4095 cruenti
920 4029 1098 4094 carnifices

148 4150 282 4196 omnem
297 4129 509 4195 iracundiam
533 4149 632 4195 suam
653 4129 887 4207 refundentes,
907 4138 942 4193 et
958 4128 1100 4193 brachia
