2888 4852
434 415 575 465 rnonns
598 415 869 465 nrsronmnnn.
1081 400 1124 464 91

173 573 260 637 sinm
270 570 436 638 infestare
455 592 524 637 nou
539 573 736 638 cessabant.
787 571 1003 637 Residebant
1019 573 1127 655 igitur

175 672 377 738 miserrima
405 673 591 741 Britonum
608 672 764 756 reliquiae
789 673 826 737 in
852 672 962 736 tribus
985 674 1126 757 provin·

175 774 251 850 oiis,
266 771 443 840 cornubia
455 773 629 850 videlicet,
650 793 729 857 quae
748 772 1000 838 Cornu-wallia
1017 792 1039 837 a
1052 774 1128 857 qui·

174 872 323 938 busdam
350 874 488 952 dicitur,
505 894 548 938 eo
572 872 664 957 qnod
691 873 728 937 in
752 894 845 938 mare
867 892 944 938 sese
965 876 1066 957 quasi
1091 876 1127 939 in

176 993 286 1039 oomn
303 974 480 1055 extendit3
506 975 683 1048 Demeoia,
707 993 786 1057 qnae
800 972 976 1039 Australis
995 974 1128 1040 Wallia

178 1074 375 1157 appellatur
387 1095 397 1155 3
415 1074 628 1152 venedocia,
641 1094 720 1158 qnae
733 1073 768 1139 N
769 1074 983 1139 ouh-walha
993 1094 1127 1139 nuncu·

177 1182 294 1256 patnr.
346 1174 416 1239 His
431 1174 557 1240 finibus
579 1176 738 1257 quamvis
760 1175 810 1239 eis
834 1174 953 1239 invitis
975 1175 1128 1240 contenti

179 1293 202 1339 a
227 1274 294 1339 lide
316 1281 434 1339 tamen
449 1274 582 1341 Christi
607 1294 783 1358 nunquam
809 1283 1043 1356 recesserunt3
1067 1275 1128 1339 sed

179 1375 216 1438 in
238 1374 304 1440 hoo
326 1382 463 1441 tantum
493 1374 777 1458 reprehensibiles
801 1373 1014 1458 judicantur,
1036 1375 1129 1458 quod

180 1493 316 1559 semper
331 1484 470 1558 gentem
485 1473 692 1558 Anglorum,
707 1483 742 1540 et
756 1475 859 1539 etiam
876 1495 986 1559 usque
1007 1477 1044 1540 in
1067 1475 1129 1541 ho·

181 1574 336 1641 diernnm
352 1575 455 1654 diem,
470 1577 571 1659 quasi
587 1596 649 1659 per
664 1595 723 1640 eos
739 1576 888 1658 propriis
902 1575 1027 1640 finibus
1049 1596 1130 1659 pro·

182 1675 313 1760 scripti,
328 1675 409 1741 odio
424 1676 564 1740 mortali
580 1676 832 1759 perstringunt,
849 1695 912 1740 nec
933 1675 1002 1740 illis
1021 1676 1130 1740 liben-

183 1777 252 1840 tius
279 1795 385 1860 quam
413 1775 558 1840 canibus
586 1776 838 1840 communicare
857 1776 991 1841 volunt.
1043 1775 1132 1840 Sunt

183 1883 299 1941 autem
328 1875 518 1960 provinciae
547 1874 685 1940 illorum
714 1875 1014 1959 inexpugnabiles,
1039 1876 1134 1940 vide-

184 1975 265 2039 licet
281 1995 459 2041 nemorum
474 1975 704 2040 densitatibus
725 1976 882 2054 consitae,
897 1976 977 2039 altis
992 1976 1132 2041 vallatae

184 2075 380 2159 paludibus,
405 2076 592 2160 praeruptis
621 2083 792 2141 tumentes
815 2077 1010 2156 montibus;
1043 2076 1133 2141 unde

184 2176 376 2258 saepissime
391 2176 493 2260 quasi
516 2194 630 2240 mures
653 2175 696 2240 de
720 2177 877 2242 cavernis
901 2184 1134 2259 erumpentes,

184 2283 323 2357 gentem
348 2273 541 2359 Anglornm
568 2276 726 2359 nequiter
750 2276 928 2353 infestant,
955 2296 1017 2341 nec
1040 2277 1134 2340 aliud

186 2376 295 2440 abeis
310 2376 346 2440 in
360 2377 452 2442 bello
470 2377 538 2441 nisi
552 2377 670 2460 capita
694 2377 806 2441 solum
821 2396 885 2458 pro
899 2375 1136 2460 redemptione

186 2476 374 2559 requirunt.
436 2476 518 2540 Hac
553 2476 701 2560 deniqne
737 2484 954 2559 tempestate,
990 2477 1283 2541 ecclesianamnron

184 2576 278 2640 beati
296 2577 459 2661 martyris
474 2574 618 2654 Albani,
633 2596 711 2659 quae
730 2585 809 2661 post
826 2577 1021 2660 passionem
1037 2596 1136 2641 suam
1147 2549 1297 2641 iiiiii-55¹¹

186 2676 273 2741 miro
290 2677 449 2741 tabulatu
471 2676 622 2761 lapideo,
638 2685 744 2761 atque
766 2678 842 2763 ejus
866 2676 1031 2760 martyrio
1054 2696 1137 2742 con·

186 2776 295 2859 digna
317 2777 446 2860 legitur
459 2777 643 2852 fabricata,
658 2776 794 2861 dejecta
808 2779 946 2860 penitus
963 2796 1040 2841 cum
1059 2777 1138 2841 aliis

186 2866 339 2941 creditur
361 2885 396 2942 et
418 2877 544 2955 deleta,
568 2878 678 2942 donec
702 2897 764 2961 per
789 2877 1016 2942 ministerium
1031 2870 1138 2942 ¹0ffae

187 2976 292 3058 regis,
310 2977 436 3059 angelo
452 2978 520 3042 sibi
542 2977 731 3055 revelante,
748 2983 877 3060 corpus
895 2976 1037 3059 gloriosi
1055 2997 1138 3041 con·

187 3074 328 3141 fossoris
341 3096 383 3143 ac
395 3078 558 3162 martyris
572 3079 751 3142 inventum
767 3085 832 3155 est,
843 3085 878 3142 et
891 3078 1138 3142 monasterinm

188 3177 264 3261 ejus
281 3177 396 3243 denuo
413 3176 633 3242 fabricatum.

257 3353 346 3416 Nota
359 3343 588 3416 'distinctiones
603 3372 765 3438 ruptorum
781 3359 808 3415 et
823 3370 926 3436 rapum
940 3348 1073 3434 Arapliae.

238 3475 435 3560 Suhjugata
467 3474 586 3559 itaque
618 3476 801 3540 Britannia
830 3473 1031 3556 civibusque
1061 3493 1140 3556 pro-
1151 3501 1302 3552 suornm..

187 3576 338 3659 scriptis,
354 3594 453 3658 reges
468 3573 663 3658 Anglorum
676 3576 749 3641 sive
764 3575 943 3639 Saxonum
955 3581 1065 3640 terras
1077 3594 1140 3640 un-

188 3675 292 3760 dique
313 3683 499 3759 occupant,
522 3695 630 3758 regna
647 3676 807 3751 dilatant,
825 3680 952 3757 et,⁴pro
976 3674 1140 3740 uniuscu-

222 3884 230 3917 ¹
245 3886 313 3951 Offoe
330 3885 419 3949 regia]
437 3886 490 3935 'l'he
509 3890 652 3946 monastery
678 3879 757 3934 Wals’
768 3884 864 3934 edition
875 3884 905 3934 oi
913 3885 1036 3935 Matthew
1048 3886 1133 3937 Paris.

187 3971 241 4007 was
260 3956 422 4007 commenoed
440 3958 474 4018 by
486 3954 547 4005 Offa
564 3957 590 4004 iu
610 3955 652 4004 the
713 3952 912 4005 'Distinctioner
922 3952 1075 4023 agnorum]
1087 3957 1141 4005 The

189 4041 250 4088 year
267 4031 326 4090 ¹198,
344 4027 394 4076 und
411 4027 454 4076 the
471 4027 547 4076 relies
567 4026 597 4074 oi
610 4025 652 4074 the
677 4024 768 4074 render
785 4026 838 4074 will
859 4026 892 4074 do
906 4026 964 4075 well
983 4030 1009 4074 to
1026 4039 1141 4087 compare

188 4098 254 4146 saint
269 4098 386 4146 removed
404 4097 507 4147 thither.
541 4097 589 4145 See
609 4096 653 4144 life
678 4094 728 4144 this
739 4095 848 4145 division
863 4095 892 4144 oi
905 4096 946 4144 the
962 4099 1066 4154 country
1078 4095 1141 4142 with

187 4167 217 4216 oi
231 4168 258 4216 S.
275 4167 361 4216 Alban
377 4168 404 4215 in
423 4167 566 4229 Capgrave,
586 4166 652 4216 Nov.
679 4165 733 4215 thet
744 4181 812 4215 more
822 4165 886 4226 fully
898 4167 972 4227 given
990 4165 1024 4226 by
1038 4164 1142 4213 Malmr·

189 4238 252 4300 leg.
269 4237 313 4287 iol.
335 4237 372 4286 ix.
389 4237 439 4286 and
458 4242 485 4287 at
501 4237 543 4287 the
560 4237 610 4286 end
628 4235 658 4286 oi
679 4237 914 4299 barmim-1⁰³.
