2888 4852
433 473 570 521 rnonns
594 472 861 520 maronianum.
1057 455 1124 519 485

175 627 262 697 Leo¹
280 633 446 697 successit
455 641 490 696 et
503 633 614 696 tenuit
627 632 825 696 cathedram
841 632 941 695 annis
957 631 1122 716 quinque,
1169 662 1174 671 ·

174 735 347 797 mensibus
360 732 495 797 duobus
512 740 548 796 et
560 731 681 796 diebus
696 752 769 796 sex.

449 908 498 972 De
511 907 664 994 sortiloqio
678 906 840 972 diabolico.

227 1029 345 1114 Hujus
370 1051 470 1114 papae
494 1032 706 1114 temporibus
728 1032 902 1096 detectum
922 1039 976 1095 est
999 1031 1121 1096 Romae
1134 1048 1258 1087 wuelwnn

174 1129 389 1212 sortilegium
430 1131 636 1194 diabolicum
671 1139 706 1195 et
741 1131 868 1195 nostris
900 1131 1027 1195 seculis
1067 1100 1239 1195 in-mm'

175 1229 343 1293 auditum.
393 1222 525 1292 ²Erant
554 1230 644 1293 enim
671 1229 707 1292 in
734 1238 846 1294 strata
872 1230 1022 1314 publica,
1052 1250 1122 1313 qua

176 1327 323 1392 Romam
346 1330 428 1405 itur,
444 1329 522 1393 duae
543 1329 702 1406 aniculae,
715 1329 751 1391 in
775 1349 844 1393 uno
869 1337 1120 1393 commorantes

177 1429 315 1509 tugurio
344 1436 378 1492 et
412 1448 480 1491 uno
510 1427 651 1492 imbutae
683 1428 864 1506 maleficio,
894 1448 972 1511 quae
1003 1428 1121 1510 bospi-

176 1534 257 1604 tem,
282 1527 313 1590 si
333 1528 518 1610 aliquando
542 1527 638 1591 solus
660 1529 910 1610 superveniret,
933 1528 969 1590 in
993 1546 1120 1610 equum

176 1626 232 1690 vel
257 1646 399 1709 porcum
415 1627 471 1691 vel
501 1626 593 1690 aliud
614 1627 792 1710 quodlibet
806 1627 935 1690 animal
955 1625 1121 1690 transfor·

176 1745 270 1788 maro
292 1726 461 1802 solebant,
487 1733 522 1789 et
548 1725 794 1809 mercatoribus
822 1726 986 1790 animalia
1011 1733 1120 1790 trans-

176 1825 324 1889 formata
358 1824 546 1890 vendentes
579 1844 737 1889 nummos
776 1825 855 1889 inde
896 1833 1052 1907 receptos
1084 1826 1120 1888 in

175 1924 342 1988 ebrietate
372 1925 475 1988 simul
500 1932 535 1988 et
560 1925 703 2008 crapula
725 1927 984 1989 consumebant.
1036 1924 1122 1990 Istae

176 2042 259 2087 casu
288 2024 448 2087 mulieres
477 2024 641 2108 juvenem
668 2024 838 2107 quendam
868 2024 904 2086 in
944 2032 1019 2089 arte
1050 2023 1120 2087 sal·

175 2123 272 2187 tandi
303 2123 474 2202 edoctum,
502 2124 621 2205 etqui
645 2124 774 2205 victum
806 2124 958 2186 moribus
984 2124 1121 2188 histrio·

176 2242 257 2285 num
273 2223 463 2305 quaerebat,
478 2221 628 2303 bospitio
643 2229 865 2305 receperunt;
892 2242 994 2305 quem
1020 2230 1121 2287 nocte

175 2321 237 2385 illa
266 2323 301 2385 in
329 2323 464 2385 asinum
490 2320 785 2397 transformantes,
818 2341 982 2404 magnum
1005 2341 1049 2385 ex
1080 2340 1121 2385 eo

175 2421 307 2484 lucrum
345 2421 584 2504 adquirebant,
624 2440 703 2484 narn
736 2420 877 2504 juvenis
911 2422 1029 2486 asinus
1070 2419 1120 2484 ef·

177 2519 287 2584 fectus
313 2541 382 2584 non
403 2521 566 2585 amiserat
590 2519 855 2601 intelligentiam
879 2520 1014 2585 etiamsi
1035 2519 1121 2582 anri·

175 2627 269 2683 serat
302 2619 488 2702 loquelam,
516 2619 677 2702 quicquid
710 2620 801 2682 enim
837 2620 1002 2704 praecepit
1034 2638 1122 2682 anus

171 2719 360 2801 jaculando
387 2726 423 2782 et
454 2719 614 2782 saltando
645 2717 803 2800 implevit
830 2718 970 2797 asinus;
1003 2736 1123 2781 accur-

176 2826 273 2881 rente
299 2819 418 2900 itaque
440 2817 536 2898 vulgi
559 2816 779 2880 multitudine
803 2816 848 2880 ad
873 2816 990 2880 ludum
1021 2816 1122 2895 asini,

177 2937 247 2980 non
264 2917 331 2980 nisi
347 2916 430 2979 dato
444 2917 556 2999 pretio
573 2917 709 2979 asinum
726 2915 842 2980 videre
855 2915 1030 2980 ludentem
1046 2937 1123 2981 mu·

178 3016 278 3080 lieres
302 3015 467 3079 maleficae
497 3016 755 3098 permittebant.
807 3014 960 3079 Rumore
983 3015 1122 3079 tandem

178 3135 239 3198 per
264 3115 477 3198 provinciam
501 3114 736 3190 disseminato,
758 3114 905 3178 accessit
926 3115 1023 3179 dives
1047 3117 1123 3198 qui-

178 3214 257 3279 dam
274 3214 318 3278 ad
334 3213 508 3278 maleficas
531 3212 621 3291 illas,
636 3222 672 3278 et
685 3234 754 3278 non
771 3213 905 3278 modico
919 3215 1031 3297 pretio
1052 3215 1123 3279 col·

178 3314 262 3392 lato,
277 3314 411 3377 asinum
428 3313 464 3376 in
482 3333 565 3377 suos
581 3332 664 3378 usus
679 3312 829 3396 recepit;
853 3313 913 3376 sed
934 3313 1032 3377 dives
1045 3334 1124 3378 cum

179 3416 276 3478 asino
301 3413 464 3478 recedens
488 3432 510 3476 a
534 3412 734 3475 mulieribus
761 3412 903 3476 edoctus
930 3420 995 3489 est,
1021 3421 1072 3491 ut,
1094 3414 1124 3477 si

177 3513 376 3576 diuturnum
393 3512 499 3577 vellet
514 3511 640 3575 habere
653 3511 785 3586 ludum,
795 3512 838 3573 ab
851 3531 951 3594 aquae
966 3511 1124 3594 ingressu

180 3613 313 3675 asinum
331 3621 474 3677 arceret.
527 3610 654 3675 Custos
670 3630 753 3691 ergo
769 3611 866 3674 asino
884 3630 905 3673 a
920 3611 1028 3675 divite
1042 3632 1124 3676 con·

180 3712 347 3788 stituitur,
365 3712 423 3795 qni
438 3710 535 3774 illum
552 3711 736 3793 diligenter
748 3718 903 3774 servaret
919 3731 927 3790 ;
948 3710 1046 3774 divos
1061 3730 1124 3775 au·

180 3818 359 3886 ten1,cum
383 3810 547 3893 gaudium
569 3810 692 3887 voluit,
707 3808 798 3874 ludis
820 3810 908 3872 asini
924 3809 1125 3874 laetilicabat

180 3911 355 3974 convivas.
401 3909 467 3974 Sed
497 3929 576 3972 cum
600 3909 739 3972 tandem
770 3917 907 3992 tempus
940 3909 1126 3992 plurimum

211 4110 218 4141 ¹
235 4110 306 4172 Lea]
322 4110 364 4157 tbe
375 4109 464 4168 nintb,
480 4109 512 4157 be
528 4110 586 4158 died
598 4110 640 4159 the
701 4108 803 4158 'Erunt
821 4111 884 4158 euim
906 4111 931 4159 in
949 4105 1051 4177 atrata]
1073 4111 1129 4160 The

181 4182 238 4230 luth
253 4180 324 4240 April
343 4183 417 4240 1054,
432 4179 483 4228 und
494 4194 548 4228 was
565 4179 639 4227 usser-
666 4179 796 4239 following
808 4181 898 4241 legend
911 4183 933 4229 is
944 4180 1006 4230 from
1023 4181 1128 4230 Malms-

178 4251 264 4300 warde
275 4248 421 4298 canonized.
665 4249 739 4308 bury,
750 4244 763 4311 §
775 4253 830 4299 171.
