2888 4852
438 420 579 469 riorus
602 419 871 470 ursronrnnuu.
1062 402 1128 466 115

176 576 302 653 tiones,
320 575 431 660 ipsam
455 586 629 661 postremo
654 586 799 643 mortem
820 578 933 643 crucis
948 579 992 642 ab
1009 577 1128 641 infide-

176 673 268 739 libus
291 677 367 759 ipse
383 696 461 741 eum
480 677 619 743 Christo
642 679 782 743 tandem
807 678 1025 744 coronandus
1048 698 1126 761 per-

179 775 285 840 tulil’
337 776 407 841 His
429 779 521 843 beati
543 779 693 861 apostoli
715 778 863 861 flagellis
884 780 986 843 simul
1009 787 1044 843 et
1066 798 1127 843 ex-

178 873 433 942 hortationibus
452 879 627 943 animatus
648 879 797 943 samalus
819 879 948 944 Christi
973 878 1128 942 Lauren-

179 975 248 1039 tius
270 996 354 1041 mox
372 998 473 1043 mane
491 978 586 1044 sacto
606 980 702 1044 venit
723 979 767 1042 ad
793 999 920 1062 regom,
936 987 972 1043 et
999 979 1123 1043 erectis

178 1077 335 1141 vestibus
360 1079 500 1161 quantis
521 1088 614 1143 essct
639 1080 838 1144 verberibus
864 1080 1037 1143 laceratus
1069 1098 1126 1142 os·

179 1176 312 1256 tendit3
343 1198 407 1243 rex
441 1186 556 1243 autem
584 1179 730 1244 multum
762 1180 918 1255 miratus,
948 1178 1128 1260 requisivit

178 1276 256 1358 quis
272 1277 310 1340 in
321 1297 430 1360 regno
447 1297 511 1342 suo
525 1286 624 1344 tanto
637 1279 713 1344 viro
729 1279 818 1343 tales
832 1278 989 1361 infligere
1004 1278 1127 1361 plagas

179 1394 286 1441 ausus
298 1376 434 1446 suisset.
470 1378 629 1443 Tandem
644 1387 685 1444 ut
697 1379 832 1444 audivit
840 1380 921 1462 quia
935 1397 1007 1443 suae
1022 1397 1127 1442 causa

179 1477 304 1541 salutis
330 1478 513 1561 episcopus
534 1479 580 1542 ab
601 1479 760 1561 apostolo
781 1478 912 1544 Christi
930 1479 1016 1543 talia
1036 1486 1129 1542 esset

179 1577 325 1642 vulnera
346 1586 383 1643 et
397 1586 571 1643 tormenta
587 1598 785 1693 perpessus,
802 1579 964 1644 extimuit
980 1578 1126 1642 multum

177 1683 298 1760 atque,
312 1677 605 1743 anathematizato
619 1680 712 1743 omni
735 1679 940 1743 idololatriae
956 1679 1053 1742 cultu
1069 1678 1130 1740 ab

179 1776 364 1861 dicatoque
384 1779 556 1843 connubio
579 1798 647 1843 nou
670 1779 838 1860 legitimo,
858 1779 1011 1862 suscepit
1026 1777 1183 1840 fidemcon
1185 1791 1268 1831 venun

182 1875 326 1956 Christi,
362 1886 398 1943 et
424 1880 622 1962 baptizatus
645 1879 799 1943 ecclesiae
832 1880 934 1943 rebus
960 1884 1128 1961 quantum
1141 1842 1271 1884 “m

180 1976 324 2041 valuit
314 1997 351 2042 ιιι
376 1980 535 2044 omnibus
561 1979 742 2043 consulere
775 1985 810 2042 et
842 1978 958 2042 favere
982 1977 1129 2041 curavit.

181 2077 336 2143 Verum
327 2099 404 2162 ipse
415 2099 494 2144 cum
515 2080 609 2144 omni
626 2085 729 2160 gente
751 2097 827 2154 sua,
844 2098 889 2141 ex
903 2097 973 2160 quo
995 2077 1038 2141 ad
1055 2078 1129 2140 Do-

180 2179 310 2242 minum
335 2199 521 2244 conversus
547 2188 612 2256 est,
627 2178 754 2243 divinis
780 2198 817 2242 se
841 2178 975 2242 studuit
1000 2177 1130 2241 manci·

181 2296 266 2361 pare
293 2279 488 2363 praeceptis.
540 2278 640 2342 Misit
662 2279 800 2343 etiam
791 2298 827 2342 ιιι
843 2277 1007 2354 Galliam,
1032 2290 1275 2341 ravo-uentum
1248 2290 1291 2330 and

182 2379 276 2442 cavit
300 2378 475 2443 Mellitum
500 2386 535 2443 et
560 2378 701 2443 Justum
734 2379 915 2462 episcopos
938 2386 972 2443 et
998 2397 1058 2442 eos
1087 2342 1155 2440 ad
1143 2347 1249 2431 οιιῖοᾱ1η

183 2496 266 2542 snas
300 2479 464 2543 ecclesias
502 2478 609 2543 libere
654 2479 763 2543 redire
802 2479 979 2562 praecepit‚
1013 2479 1131 2560 sicque

183 2577 257 2644 viso
274 2579 442 2643 miraculo
454 2579 497 2642 ad
513 2579 667 2644 ecclesiae
683 2579 785 2642 rediit
799 2578 979 2643 unitatem.

213 2754 262 2818 De
270 2775 383 2840 pupae
397 2753 480 2818 inter
496 2775 594 2839 repom
607 2750 952 2818 Nortllcnlumbrorum
966 2761 995 2816 el
1010 2773 1106 2838 repom

461 2852 657 2918 uieotoliem
671 2851 855 2938 Aoplorum.

234 2976 339 3042 Anno
365 2978 487 3060 gratiae
512 2994 652 3041 ocxvrr.
672 2976 829 3040 Mellitos
853 2983 889 3039 et
914 2975 1039 3039 Justus
1061 2975 1256 3056 epi-unsu-

185 3078 280 3161 scopi
303 3078 340 3142 in
357 3078 574 3142 Britanniam
589 3077 730 3154 reversi,
754 3096 776 3139 a
801 3094 882 3156 rege
896 3075 1076 3138 Eadbaldo
1099 3083 1134 3137 et

189 3185 262 3243 tota
278 3179 355 3263 ejus
370 3187 474 3260 gente
484 3198 562 3243 cum
578 3177 706 3242 honore
718 3175 847 3259 recepti
859 3185 952 3240 sunt.
991 3169 1133 3237 ¹Eodem
1147 3187 1249 3278 ”iiim

187 3297 276 3343 auno
311 3278 557 3356 Reodwaldus,
592 3298 655 3342 rex
687 3275 906 3341 orientalium
927 3273 1135 3355 Anglorum,

189 3377 416 3443 Ethcltiidum
420 3398 561 3461 ,regem
573 3375 973 3451 Northanhumbrorum,
984 3374 1028 3437 ad
1046 3392 1136 3456 prae·

187 3477 270 3543 lium
300 3479 510 3562 provocavit.
564 3478 810 3542 Convenerunt
841 3476 959 3557 itaque
997 3474 1137 3554 agmina

189 3586 412 3662 utrorumque
443 3581 477 3642 in
505 3579 646 3660 regione
673 3577 696 3641 J
699 3585 838 3640 utarum
864 3574 909 3639 ad
934 3574 1136 3638 orientalem

189 3678 329 3762 plagam
352 3680 474 3757 amnis,
499 3679 559 3761 qui
583 3678 697 3742 ‘Idle’
719 3684 886 3754 vocatur3
910 3675 1001 3738 uude
1029 3673 1138 3738 exivit

226 3934 653 3997 'Eoummnlteouwnluuarrhe
677 3934 703 3981 in
726 3933 776 3981 this
797 3947 868 3993 year,
890 3932 1026 3994 according
1049 3938 1075 3980 to
1097 3933 1139 3981 the

193 4007 271 4057 battle
290 4007 319 4056 of
331 4006 374 4055 the
394 4005 460 4066 ldle,
471 4020 531 4055 near
550 4004 653 4054 Retiord
678 4002 840 4052 siachmn.
852 4002 901 4051 and
915 4002 1003 4063 Henry
1013 4003 1141 4063 Hunting·

194 4079 220 4126 in
238 4075 481 4139 Nottinghamshire,
499 4091 537 4138 or,
553 4074 654 4124 accord·
678 4074 737 4135 don,
748 4073 805 4121 who
816 4074 871 4122 also
882 4079 971 4134 quotes
982 4073 1024 4122 tlrc
1036 4072 1141 4134 proverb

194 4148 273 4210 ingto
288 4163 305 4197 a
322 4146 446 4209 marginal
462 4145 539 4209 gloss,
554 4147 580 4194 in
592 4144 656 4193 Axi·
668 4144 737 4213 ¹luere
748 4144 824 4194 cited.
861 4144 981 4193 Florence
998 4144 1083 4205 places
1099 4142 1141 4191 tho

194 4218 242 4267 olm
261 4216 472 4282 [Lincolnshiro],
488 4231 544 4265 was
565 4214 656 4277 fought
667 4215 761 4277 lection
773 4215 800 4263 in
810 4218 868 4264 tlltl.
