2888 4852
356 380 420 445 170
608 392 742 440 nocam
769 392 816 438 nn
839 389 1045 440 wnsnovna

357 566 413 622 tus
429 554 590 634 virtutis3
626 554 775 619 orationi
797 573 835 617 se
850 552 957 632 dedit,
979 552 1228 633 dexteramque
1249 567 1310 613 ca·

355 656 474 721 daveri
496 655 686 737 adponens,
705 654 750 718 ad
771 654 1014 737 corpusculum
1038 653 1189 716 animam
1207 669 1307 715 revo-

356 757 461 821 cavit.
514 754 699 819 Exclamat
723 755 847 818 mulier
872 762 1015 839 propter
1041 753 1218 837 gaudium,
1245 749 1307 814 sed

357 856 507 921 cohibita
524 863 578 919 est
593 857 637 918 ab
654 855 815 938 episcopo
831 862 872 918 ut
886 862 1027 920 taceret.

498 1029 547 1092 Da
562 1037 671 1093 mucio
687 1026 891 1106 dromeda,
907 1024 1063 1092 abbatissa
1076 1024 1169 1112 Haly.

199 1177 253 1218 no.
262 1176 306 1216 oo.
409 1152 511 1217 Anno
525 1153 647 1236 gratiae
661 1169 847 1217 ncnxxrx.
859 1151 1036 1234 Egiridus‚
1050 1171 1114 1217 rex
1130 1149 1310 1216 Northan-

198 1225 341 1318 diii“'‘¹¹⁰
357 1254 591 1330 humbrorum,
608 1261 644 1318 ct
659 1273 722 1317 rex
735 1251 946 1317 Athelredus
964 1252 1186 1330 Marciorum,
1204 1250 1312 1336 juxta

358 1354 485 1418 flumen
500 1353 630 1418 Trento
649 1354 854 1435 gravissime
871 1360 1128 1437 pugnaverunt,
1143 1352 1202 1415 ubi
1223 1344 1311 1414 ¹fra·

358 1462 412 1519 ter
435 1454 528 1536 regis
546 1453 681 1536 Egsridi
698 1451 894 1530 Ascwinus,
912 1453 1052 1538 juvenis
1071 1453 1210 1534 utrique
1228 1469 1310 1535 pro-

194 1597 203 1613 .
283 1591 285 1594 -
358 1554 481 1619 vinciae
503 1553 651 1618 multum
674 1555 844 1629 amabilis,
866 1561 1065 1638 peremptus
1087 1560 1153 1630 est,
1175 1571 1256 1615 nam
1275 1559 1312 1615 et

359 1674 512 1719 sororem
533 1654 622 1738 ejus,
650 1654 809 1718 Osricam
837 1655 988 1730 nomine,
1012 1652 1221 1717 Athelredus
1247 1671 1311 1714 rex

360 1754 569 1819 Marciorum
593 1754 714 1819 habuit
738 1774 894 1819 uxorem.
948 1753 1035 1817 Cum
1062 1751 1191 1816 bellum
1218 1752 1312 1817 inter

359 1875 459 1936 reges
481 1855 646 1919 acerrime
669 1855 791 1918 fuisset
815 1873 999 1919 accensum
1021 1853 1226 1918 Theodorus
1247 1871 1311 1916 an·

360 1954 460 2018 tistes
474 1955 592 2018 divino
610 1954 717 2019 fultus
739 1954 873 2018 auxilio
895 1953 1093 2018 incendium
1110 1953 1311 2017 certaminis

361 2055 500 2136 penitus
528 2056 692 2132 extinxit,
713 2055 797 2119 data
819 2055 965 2137 pecunia
984 2053 1095 2117 muita
1116 2073 1179 2136 pro
1201 2060 1313 2118 morte

362 2152 478 2218 [ratris
515 2155 589 2235 regi
622 2154 778 2236 ngrido.
832 2154 963 2219 Eodem
1004 2161 1157 2235 tempore
1191 2146 1313 2236 ¹virgo

200 2267 350 2312 summum
362 2262 485 2317 sancta
512 2252 717 2318 Etheldrida
745 2274 789 2317 ex
822 2254 887 2319 hoc
909 2253 1026 2319 seculo
1050 2254 1223 2317 transiens
1248 2274 1312 2337 pro

362 2353 545 2437 temporali
564 2355 638 2419 vita
661 2354 888 2418 commutavit
911 2353 1131 2438 [aeternam];
1154 2362 1231 2418 erat
1252 2372 1316 2417 au-

298 2482 299 2485 *
362 2461 432 2517 tem
447 2451 561 2517 Annae
579 2454 671 2535 regis
690 2454 908 2518 orientalium
923 2452 1117 2536 Anglorum
1131 2452 1215 2531 filia,
1234 2473 1315 2536 pro·

363 2553 414 2627 les
432 2560 532 2617 tanto
550 2562 650 2637 patre
669 2554 788 2635 digna,
803 2574 907 2636 quam
924 2555 1020 2637 prius
1037 2553 1186 2618 duxerat
1200 2546 1334 2621 8Τοιι·.

362 2655 492 2730 bertus,
524 2654 729 2718 australium
754 2655 914 2737 princeps
939 2653 1151 2731 Girviorum,
1181 2653 1242 2718 sed
1273 2674 1315 2720 eo

363 2753 538 2830 defuncto,
568 2756 668 2835 virgo
707 2754 907 2837 incorrupta
939 2755 1152 2837 permansit3
1191 2753 1316 2818 deinde

364 2854 438 2934 regi
464 2853 499 2916 N
502 2854 850 2917 orthanhumbrorum
883 2854 1028 2936 Egirido
1056 2854 1221 2937 copulata
1252 2874 1316 2937 pa

365 2960 500 3016 rentum
531 2954 709 3030 violentia,
740 2962 858 3020 custos
892 2965 1019 3031 tamen,
1047 2954 1181 3018 duobus
1203 2963 1316 3038 nupta

364 3054 460 3130 viriS,
475 3055 706 3135 integerrimae
724 3054 934 3136 virginitatis
948 3055 1191 3137 perseveravit.
1233 3054 1317 3120 Vir-

365 3153 521 3235 ginitatis
559 3155 650 3217 enim
686 3155 796 3238 ipsius
831 3155 886 3218 vir
920 3154 987 3219 Dei
1019 3154 1202 3219 Wilsridus
1241 3164 1318 3220 erat

366 3254 477 3328 testis
501 3254 561 3335 qui
590 3254 695 3318 Bedae
718 3255 907 3318 venerabili
937 3274 1042 3337 super
1072 3255 1137 3318 hac
1166 3275 1204 3319 re
1231 3256 1317 3320 scis-

365 3351 488 3415 citanti
510 3352 612 3430 dixit,
635 3353 843 3436 ‘Egsridum
866 3354 932 3418 sibi
952 3362 1062 3418 terras
1083 3361 1119 3418 et
1135 3357 1318 3438 pecuniam

366 3469 528 3532 magnam
556 3455 767 3535 promisisse,
794 3455 823 3518 si
852 3454 1063 3518 Etheldridae
1088 3456 1217 3537 regina
1242 3475 1322 3539 per-

367 3550 511 3615 suadere
537 3561 656 3635 posset
685 3554 761 3638 ojus
791 3547 964 3618 connubio
994 3556 1186 3620 assentire!
1250 3556 1319 3622 Sed

374 3793 377 3798 -
403 3761 410 3791 ¹
430 3764 521 3812 Frater
536 3764 605 3825 regis
621 3764 831 3826 Egsrididscwi-
855 3766 1172 3828 Trent,inStadordshire.
1197 3766 1322 3832 ennom,

367 3833 831 3900 nus.]HeiscalledbyBeda‚§alo,
856 3837 874 3886 i.
886 3853 912 3899 p.
924 3841 981 3886 587.
1007 3836 1321 3900 comparessedmaro.

368 3905 418 3952 and
447 3905 480 3964 by
512 3903 688 3967 Huntingdon,
715 3905 830 3954 AEliuini.
891 3903 991 3970 ²Vr'rgo
1002 3906 1261 3972 sancrosanctum]
1272 3908 1322 3959 See

368 3973 422 4022 The
444 3976 506 4026 Sex.
526 3974 620 4024 Chron.
638 3975 688 4024 and
711 3975 831 4025 Florence
858 3976 939 4036 Beda,
950 3977 964 4039 ς
976 3981 1033 4039 309,
1044 3993 1109 4040 seqq.

368 4045 832 4108 agreciupiacingthsbattleinthis
892 4043 1070 4116 ³Tondertua]
1101 4047 1322 4112 Hediodinoas,

369 4129 451 4176 pear3
480 4115 500 4162 it
522 4115 545 4163 is
567 4116 697 4177 supposed
719 4121 745 4164 to
767 4115 832 4165 have
857 4117 928 4166 three
950 4133 1024 4179 years
1045 4118 1110 4167 ader
1128 4117 1169 4166 his
1186 4119 1320 4181 marriage.

369 4184 432 4232 been
461 4183 554 4246 fought¹
572 4190 599 4234 at
622 4185 711 4236 Eliord
733 4201 766 4235 on
789 4186 831 4235 the
857 4187 946 4238 Thom.
958 4189 1010 4239 Eii.
1023 4189 1182 4252 Angisacr.
1193 4189 1211 4239 i.
1224 4203 1252 4251 p.
1264 4192 1322 4241 697.
