2888 4852
449 421 587 469 nnosns
611 422 880 471 nrsrosmnuu.
1069 400 1136 469 515

182 575 341 654 nicando,
360 578 552 657 convertit3
576 575 666 641 unde
686 576 936 640 commilitones
958 575 1035 659 ejus
1056 574 1133 657 plu-

182 677 304 741 rimum
337 677 559 759 indignantes
588 696 610 741 a
641 695 721 759 rege
750 676 958 740 unanimiter
984 695 1134 740 recesse-

182 784 273 840 runt.

214 951 363 1033 Quomodo
376 951 441 1017 dac
456 952 713 1017 Nornmnoornm
735 948 908 1014 thtennos
922 945 1100 1013 Horoldwm

517 1051 554 1115 do
562 1060 657 1137 pacto
672 1051 790 1136 orauit.

231 1175 312 1248 Rex
339 1177 448 1258 igitur
466 1173 660 1258 Anglornm
684 1174 876 1251 Haroldus,
899 1172 942 1237 de
968 1179 1040 1237 tam
1068 1172 1221 1238 tri-nunu

180 1275 334 1357 nmphali
367 1282 493 1340 eventu
519 1276 555 1337 in
582 1274 777 1357 superbiam
808 1273 932 1351 elatus,
954 1267 1056 1336 ¹nihil
1086 1273 1129 1337 de
1141 1245 1259 1388 ἓξὲξ

179 1382 283 1457 pacto
306 1376 398 1438 inter
419 1394 457 1439 se
480 1381 515 1439 et
535 1373 748 1439 Willelmum
771 1373 1043 1438 Normannicum
1065 1372 1129 1437 du-
1237 1374 1242 1386 ’

178 1494 252 1537 cem
278 1475 357 1538 olim
382 1475 607 1538 sacramentis
631 1474 768 1538 firmato
796 1473 993 1555 cogitabat;
1029 1473 1129 1537 auxit

178 1582 294 1638 autem
326 1575 546 1638 securitatem
577 1574 654 1658 ejus
682 1593 776 1638 mors
804 1572 884 1636 filiae
910 1571 1007 1636 ducis
1038 1571 1128 1637 Wil-

178 1673 283 1751 lelmi,
300 1692 403 1756 quam
419 1674 510 1738 infra
529 1674 663 1738 nubiles
683 1693 793 1737 annos
809 1671 1050 1755 desponderat,
1065 1672 1127 1736 ad-

180 1773 253 1837 dito
277 1793 330 1851 eo,
354 1773 446 1856 quod
469 1774 559 1838 idem
575 1773 773 1839 Willelmus
794 1771 920 1836 ducum
946 1772 1129 1837 contermi-

179 1893 300 1936 norum
321 1873 420 1937 bellis
437 1874 551 1938 suerat
572 1872 782 1956 implicatus,
804 1871 895 1935 unde
916 1872 1028 1936 minas
1051 1872 1127 1956 ejus

178 1992 355 2056 nunquam
370 1973 414 2036 ad
430 1973 560 2038 sactum
578 1972 953 2056 erupturas-sperabat.
1005 1971 1128 2036 Sacra-

178 2080 332 2136 mentum
355 2092 449 2149 vero,
465 2072 557 2155 quod
581 2073 616 2136 in
639 2072 846 2137 necessitate
868 2071 1009 2148 fecerat,
1032 2090 1127 2135 asse·

179 2173 249 2236 ruit
264 2191 332 2236 non
355 2192 430 2236 esse
446 2172 643 2249 tenendum,
659 2192 737 2236 cum
753 2191 895 2253 regnum
912 2191 981 2235 non
997 2179 1127 2254 posset,

179 2271 373 2336 Eadwardo
391 2272 501 2337 adhuc
523 2292 605 2355 rege
622 2273 773 2348 vivente,
791 2291 854 2336 nec
876 2271 971 2349 dare,
988 2290 1052 2335 nec
1073 2271 1127 2354 ip·

177 2390 229 2448 so,
241 2371 325 2435 iliud
340 2372 500 2453 cuiquam
511 2372 711 2449 concedere,
722 2371 938 2450 inconsult03
955 2371 1015 2435 sed
1031 2370 1126 2436 aliud

178 2470 369 2548 Haroldus‚
385 2479 421 2535 et
435 2471 631 2537 Willelmus
646 2472 739 2537 aliud
756 2472 937 2553 cogitavit,
952 2491 1031 2535 nam
1046 2492 1126 2554 pro·

177 2572 282 2649 tinus,
297 2592 375 2637 cum
391 2571 586 2636 Haroldum
604 2573 768 2654 cognovit
780 2570 974 2636 diademate
987 2571 1126 2634 redimi-

177 2677 263 2747 tum,
284 2691 346 2753 per
371 2673 511 2735 nuntios
537 2672 634 2735 illum
659 2672 783 2734 leniter
803 2670 846 2734 de
868 2679 971 2753 rupto
995 2670 1125 2735 foedere

175 2769 380 2852 increpavit,
413 2768 587 2834 affirmans
620 2769 859 2834 comminando
885 2777 966 2834 ante
994 2788 1125 2834 annum

177 2888 253 2934 sese
280 2868 433 2933 debitum
461 2876 676 2935 exacturum.
730 2868 920 2946 Haroldus‚
945 2889 965 2932 e
992 2877 1124 2946 contra,

174 2988 239 3050 -per
271 2969 409 3033 eosdem
446 2969 582 3051 legatos
619 2968 803 3052 praedictas
841 2988 919 3034 cum
947 2968 1124 3034 Willelmo

176 3068 256 3132 duci
288 3070 525 3133 remandasset
553 3070 808 3147 excusationes,
839 3069 944 3151 legati
975 3069 1126 3133 inaniter

178 3175 389 3232 revertentes
427 3169 471 3232 ad
512 3170 653 3252 propria
692 3169 814 3233 ducem
851 3168 1125 3233 Normannicum
1172 3154 1179 3164 ⁶

178 3268 388 3332 conveniunt
416 3268 452 3331 in
483 3267 559 3331 haec
585 3269 703 3345 verba,
734 3267 911 3331 ‘Mandat
935 3269 1033 3332 vobis
1061 3289 1124 3333 rex

177 3363 371 3449 Anglorum
394 3366 586 3445 Haroldus,
612 3367 705 3450 quod
728 3368 898 3433 veraciter
918 3369 1125 3433 necessitate

176 3468 386 3550 compulsus,
403 3467 543 3550 quando
561 3467 666 3532 filiam
683 3474 834 3531 vestram
854 3466 1125 3549 desponsaverat

175 3565 212 3629 in
227 3567 455 3645 Normannia,
486 3587 629 3649 regnum
662 3567 724 3630 tibi
747 3567 929 3651 juraverat
956 3565 1124 3651 Anglica·

177 3686 278 3746 num;
302 3667 362 3730 sed
378 3675 512 3745 contra,
528 3667 603 3730 hacc
627 3667 763 3744 asserit,
781 3675 939 3732 coactum
949 3667 1126 3751 juramen-

178 3773 248 3829 tum
276 3786 345 3830 non
374 3786 450 3831 esse
474 3765 737 3844 observandum,
763 3786 844 3831 nam
872 3768 901 3831 si
925 3776 1045 3831 votum
1069 3768 1125 3832 vel

171 3864 429 3949 jusjurandum,
459 3866 552 3947 quod
583 3868 619 3929 in
650 3866 753 3930 domo
779 3866 902 3949 patrie,
923 3867 1125 3949 parentibus

175 3965 392 4042 inconsultis,
409 3965 525 4048 puella
542 3964 584 4028 de
608 3986 751 4048 corpore
774 3986 838 4030 suo
860 3966 1009 4029 scienter
1031 3966 1125 4043 fecit,

213 4181 550 4247 ¹Nititdepactointerse.]
562 4182 637 4232 Com·
665 4200 690 4246 p.
710 4189 768 4246 too,
786 4184 849 4234 from
868 4185 951 4235 whom
969 4185 1011 4235 the
1034 4187 1127 4234 textis

176 4269 236 4316 pare
248 4254 290 4302 the
302 4259 409 4303 account
420 4253 457 4316 by
471 4253 640 4316 Matmsbury,
665 4254 799 4316 compiled.
