2888 4852
346 405 413 470 36⁶2
595 420 730 468 nocam
755 421 802 467 nu
825 418 1031 468 wuunovua

346 574 587 658 congressione
606 576 730 640 cecidit
747 575 878 640 Ordein
893 576 1049 639 minister
1066 573 1218 660 ejusdem
1241 594 1297 638 re·

347 677 400 757 gis
423 683 458 740 et
479 676 579 740 multi
603 676 662 739 alii
684 695 762 739 cum
785 696 849 754 θος
872 675 932 740 sed
948 675 1136 739 Christiani
1158 675 1297 738 demum

346 776 575 858 prevalentes
600 776 637 838 in
660 776 777 856 fugam
800 776 1018 839 adversarios
1044 773 1297 856 compulerunt,

346 893 434 957 quos
456 875 575 938 fideles
600 874 674 937 sine
697 875 828 957 pietate
853 876 1086 956 insequentes,
1109 873 1236 937 multos
1258 874 1295 935 in

346 974 447 1037 undis
467 974 735 1056 submergebant
749 982 784 1038 et
806 974 990 1038 nonnullos
1012 974 1138 1055 gladiis
1153 973 1295 1036 detrun·

347 1073 485 1149 cabant,
511 1081 546 1137 et
568 1074 628 1155 qui
650 1093 695 1137 ex
718 1072 783 1137 hac
807 1074 905 1137 clade
927 1073 1074 1137 evadere
1096 1079 1295 1156 potuerunt,

346 1172 510 1254 fugiendo
530 1172 573 1235 ad
593 1166 878 1253 ¹Legecestriam,
900 1192 979 1254 quae
998 1171 1148 1254 Anglice
1170 1171 1295 1253 ‘Wyr·

346 1271 441 1335 hale'
456 1271 594 1347 dicitur,
611 1280 855 1353 pervenerunt,
875 1273 934 1336 uhi
956 1273 992 1334 in
1010 1271 1159 1353 quodam
1183 1271 1297 1334 muni·

346 1370 436 1453 cipio
458 1390 503 1434 ex
523 1371 723 1435 concivibus
744 1372 817 1435 suis
838 1372 1004 1454 plurimos
1024 1372 1245 1453 reperientes,
1258 1370 1295 1432 in

347 1489 465 1534 eorum
496 1471 705 1535 consortium
730 1478 813 1534 sunt
838 1470 1002 1549 admissi;
1033 1489 1102 1553 quo
1127 1489 1189 1533 rex
1217 1488 1295 1532 cum

346 1569 572 1651 pervenisset,
605 1588 674 1633 non
703 1570 817 1652 potuit
845 1570 894 1633 ihi
923 1569 1134 1634 ohsidionem
1165 1575 1294 1644 tenere,

347 1667 438 1731 unde
459 1669 586 1745 omnia,
604 1688 683 1752 quae
699 1677 801 1733 extra
815 1670 979 1752 oppidum
998 1670 1035 1732 in
1050 1669 1207 1751 frugibus
1222 1667 1297 1732 sive

347 1767 557 1833 victualibus
573 1769 713 1850 reperit,
729 1770 810 1850 igne
826 1770 1070 1833 concremavit.

442 1941 491 2004 De
505 1938 704 2004 altercatione
710 1941 806 2026 sacta
820 1940 901 2005 iuter
915 1941 1032 2027 Araplos
1047 1950 1075 2005 at
1089 1941 1207 2004 Dacos.

187 2085 289 2126 anus
401 2064 505 2129 Anno
529 2065 671 2129 Domini
688 2082 881 2130 ncccxcvr.
898 2065 1066 2129 nefandus
1082 2083 1297 2147 paganorum

186 2136 336 2226 diiii-‘¹⁰²‘
349 2166 535 2241 exercitus,
559 2164 815 2246 Legecestriam
840 2165 1014 2241 deserens,
1039 2162 1299 2228 Northanhum-

185 2236 272 2283 ‘mm'
350 2264 457 2328 briam
483 2263 621 2346 petivit,
647 2265 705 2327 uhi
736 2264 882 2328 navibus
910 2264 1091 2346 adquisitis
1117 2282 1178 2345 per
1203 2281 1299 2325 mare

348 2381 486 2426 sursum
517 2363 682 2444 navigare
712 2370 903 2447 coeperunt.
954 2363 1111 2426 Tandem
1138 2362 1174 2424 in
1205 2362 1297 2424 ostio

349 2461 437 2525 Lino
460 2461 623 2538 fluminis,
641 2455 730 2526 ²non
751 2463 855 2544 longe
878 2462 922 2525 ab
942 2464 1027 2526 urhe
1040 2460 1298 2525 [londoniarum

350 2560 577 2642 applicantes,
600 2561 728 2642 praedis
753 2569 789 2625 et
810 2561 953 2644 rapinis,
974 2562 1141 2624 extractis
1166 2559 1210 2622 ad
1232 2566 1300 2622 ter-

350 2679 424 2723 ram
449 2660 608 2737 navibus,
631 2660 854 2740 institerunt3
886 2660 978 2742 quod
1006 2661 1099 2724 cives
1123 2658 1299 2722 Londoni-

350 2778 448 2825 arum
470 2778 546 2822 cum
570 2761 827 2841 cognovissent,
853 2759 1046 2842 conjunctis
1069 2760 1135 2822 sibi
1160 2759 1299 2841 provin-

351 2858 495 2921 cialibus
521 2859 659 2941 populis
691 2860 735 2922 ad
762 2860 874 2922 locum
899 2859 1076 2921 venientes
1102 2858 1297 2939 praelatum,

352 2958 557 3021 invenerunt
579 2958 697 3022 hostes
714 2958 886 3040 quoddam
900 2959 966 3020 sibi
981 2959 1057 3042 jam
1073 2955 1296 3038 municipium

352 3057 610 3136 construxisse3
633 3057 702 3121 illis
726 3065 842 3121 autem
866 3057 946 3121 hinc
971 3064 1006 3120 et
1027 3056 1107 3120 inde
1129 3055 1301 3119 hostiliter

352 3157 647 3232 concurrentibus,
657 3157 749 3220 cives
760 3156 1018 3220 Londonienses
1035 3156 1203 3237 compulsi
1218 3162 1301 3218 sunt

353 3255 389 3317 in
409 3255 538 3336 fugam,
561 3263 710 3336 quatuor
728 3275 773 3318 ex
796 3256 889 3338 regis
909 3256 1077 3318 militibus
1099 3253 1298 3318 interfectis.

191 3373 306 3425 amarer
318 3377 341 3413 ω
353 3352 421 3417 Sed
442 3374 511 3417 uon
533 3355 643 3417 multo
666 3361 744 3437 post
763 3355 1026 3436 superveniente
1044 3353 1188 3418 Alfredo
1206 3373 1299 3434 rege,

189 3425 260 3466 ‘'m‘'
353 3451 522 3534 compulsi
548 3460 630 3516 sunt
652 3453 780 3535 pagani
805 3455 918 3517 locum
944 3453 1100 3517 deserere
1130 3461 1165 3517 et
1195 3459 1299 3516 noctu

390 3703 606 3770 ¹Legecestriom,
628 3725 681 3773 qaoe
709 3710 815 3772 anglice
841 3725 873 3759 on
884 3710 927 3760 the
939 3711 1010 3759 other
1020 3710 1083 3759 with
1095 3710 1137 3759 the
1153 3712 1219 3760 river
1234 3712 1305 3760 Mer·

359 3777 551 3841 Wyrbole,·]‘in
560 3779 761 3841 Wirheale,quae
769 3781 816 3828 he-
841 3775 902 3841 sey.’
939 3780 1063 3842 Camden,
1074 3781 1091 3830 i.
1101 3796 1127 3840 p.
1138 3784 1195 3830 484.

355 3851 486 3909 meaeter
496 3848 566 3897 dicte
581 3850 638 3911 est,'
648 3851 709 3899 Sar.
722 3849 816 3900 Chron.

355 3917 497 3966 Wendover
515 3919 562 3967 has
580 3918 639 3968 here
658 3919 816 3968 confounded
875 3918 954 3970 'Noa
971 3925 1041 3985 longe
1057 3923 1087 3971 oh
1099 3922 1157 3971 urhe
1168 3923 1304 3973 Monic-

356 3986 449 4035 Wirral
460 3987 522 4035 with
539 3986 582 4036 the
599 3989 649 4049 city
662 3989 691 4037 of
700 3988 816 4050 Chester,
840 3993 916 4056 rum]
933 3992 986 4042 Ther
1005 3994 1090 4041 Saxon
1107 3992 1240 4042 Chronicle
1257 3994 1304 4042 has

356 4055 470 4105 whereas
481 4057 524 4106 the
536 4059 608 4118 place
620 4059 737 4107 socalled
750 4059 772 4107 is
783 4057 816 4106 ‘a
842 4074 893 4106 αι.
908 4057 969 4106 mila
992 4059 1077 4120 bufan
1094 4057 1306 4122 Lunoen-byprg.

355 4126 425 4188 large
441 4127 575 4188 peninsula
590 4127 706 4177 enclosed
723 4143 754 4176 on
770 4143 816 4176 one
841 4127 894 4174 The
906 4127 972 4175 river
981 4127 1205 4189 Leigh,inEssex,
1213 4128 1234 4175 ie
1245 4128 1304 4176 here

356 4196 411 4244 side
422 4195 484 4245 with
501 4197 543 4246 the
563 4203 673 4258 aestuury
685 4198 750 4261 Dee,
765 4197 816 4247 and
827 4184 831 4265 Ι
842 4195 970 4247 intended.
