2888 4852
319 367 363 433 88
572 386 707 435 nonunt
731 387 778 432 un
802 384 1012 432 wunnovna

320 543 382 608 illa
399 542 658 609 resurrectionis
674 541 786 626 gloria
800 541 1021 626 impalpabile
1036 540 1151 606 ventis
1174 558 1273 605 aere·

322 662 389 727 que
404 642 565 707 subtilius
588 662 663 706 esse
678 650 875 720 venturum,
891 643 927 706 in
944 640 1162 725 imperatoris
1184 660 1275 724 proe-

323 743 437 807 sentia
457 741 661 820 confutavit,
677 751 711 807 et
727 743 788 807 illo
810 763 879 807 non
902 742 1011 807 multo
1034 750 1114 826 post
1135 749 1272 806 mortuo

324 843 463 927 penitus
477 843 640 907 extinxit.

375 940 481 1008 Anno
503 944 625 1026 gratiae
657 959 849 1007 nuxxxur.
868 941 1018 1007 Turonis
1040 942 1084 1007 de
1108 960 1197 1025 pane
1221 940 1274 1005 al·

320 1032 411 1107 ¹tatis
425 1043 536 1109 fracto
552 1063 654 1108 verus
671 1043 812 1125 sanguis
830 1041 975 1107 effinxit.

612 1220 795 1284 isauriam
809 1220 987 1305 imperator.

377 1343 481 1411 Anno
518 1346 640 1428 gratiae
678 1362 866 1410 nnxxxrv.
897 1344 1038 1408 Tiberio
1070 1343 1210 1409 Caesare
1237 1344 1274 1408 in

328 1445 514 1509 amentiam
527 1466 628 1511 verso
650 1455 686 1511 et
708 1454 857 1523 mortuo,
876 1437 1086 1509 ¹Mauricius
1105 1444 1205 1509 annis
1221 1445 1274 1509 vi·

328 1546 416 1628 giuti
434 1545 568 1610 duobus
582 1547 776 1629 imperavit.
813 1546 944 1610 Eodem
961 1565 1064 1623 enno,
1082 1564 1144 1608 rex
1155 1544 1275 1610 West·

327 1663 499 1710 saxonum
532 1646 721 1712 Ceaulinus
752 1654 787 1711 et
819 1646 926 1711 frater
960 1645 1037 1730 ejus
1069 1644 1274 1710 Cuthwinus

164 1767 272 1807 atrum
328 1746 455 1810 bellum
466 1766 544 1811 cum
555 1748 733 1812 Britannis
744 1746 990 1811 commiserunt
1000 1745 1092 1829 apud
1101 1738 1277 1809 ²Frithen·

165 1818 288 1859 mm*
327 1847 442 1924 leiam,
459 1848 518 1911 ubi
539 1845 743 1911 Cuthwinus
768 1847 921 1929 graviter
943 1865 1128 1929 oppressus
1145 1853 1180 1909 et
1195 1865 1274 1928 per·

327 1956 463 2038 emptus
479 1955 543 2012 est.
584 1946 679 2012 Victi
694 1954 776 2010 sunt
792 1947 899 2029 igitur
911 1944 1017 2030 Angli
1032 1953 1067 2010 et
1082 1945 1174 2028 sugae
1189 1945 1272 2008 dati.

327 2122 468 2206 Regnum
481 2120 672 2184 Marciorum
688 2120 815 2185 initium
829 2120 968 2205 sumpsit,
984 2118 1072 2204 eujus
1089 2141 1142 2183 rao
1150 2118 1277 2204 printuo

692 2220 816 2285 Oredda
822 2221 905 2304 fuit.

164 2367 276 2465 stiffi
286 2416 310 2456 u
380 2345 484 2410 Anno
496 2346 619 2428 gratiae
632 2362 802 2410 ntxxxv.
814 2365 958 2427 regnum
972 2344 1182 2408 Marciorum
1193 2336 1276 2406 ³ini·

166 2467 252 2519 naeu.
329 2445 415 2510 tium
437 2445 596 2529 sumpsit,
620 2446 712 2529 quod
734 2446 866 2529 primus
888 2445 1040 2508 omnium
1063 2442 1199 2508 Credda
1222 2450 1275 2508 te-

329 2546 417 2610 nuit.
464 2544 635 2610 Inchoata
659 2553 741 2609 sunt
767 2546 874 2627 igitur
896 2544 961 2609 hoo
983 2552 1137 2627 tempore
1160 2544 1277 2608 omnia

330 2645 523 2728 Anglorum
541 2647 614 2710 sivo
630 2646 807 2709 Saxonum
822 2664 941 2726 regna,
957 2664 1035 2728 quae
1054 2652 1133 2709 octo
1155 2663 1277 2708 nume·

164 2763 308 2855 {ffiff'
329 2755 477 2826 rantur;
509 2766 652 2828 regnum
677 2745 837 2809 videlicet
860 2745 1007 2822 Cantiae,
1036 2745 1136 2829 cujus
1170 2751 1276 2827 caput

166 2867 266 2907 menta.
329 2853 382 2909 est
398 2846 522 2911 civitas
536 2846 761 2910 Doroberniae
779 2867 788 2925 3
806 2866 949 2927 regnum
969 2845 1172 2909 australium
1185 2844 1275 2908 Sax-

329 2966 445 3025 onum,
463 2946 497 3010 id
524 2954 589 3024 est,
607 2945 806 3024 Suthsexia,
828 2945 929 3030 cujus
950 2953 1055 3028 caput
1080 2953 1134 3009 est
1150 2945 1275 3009 civitas

328 3045 528 3127 Cieestm'ae3
552 3066 695 3129 regnum
712 3046 931 3110 orientalium
953 3046 1143 3122 Saxonum,
1160 3044 1275 3121 idest,

329 3145 489 3225 Essexia,
514 3147 614 3230 cujus
634 3153 739 3229 caput
759 3153 812 3209 est
844 3146 968 3209 civitas
994 3145 1273 3224 Londoniarum;

327 3266 470 3328 regnum
498 3240 717 3310 orientalium
740 3245 948 3327 Anglorum,
979 3245 1014 3309 id
1039 3253 1104 3323 est,
1129 3245 1274 3309 Est-an·

326 3346 410 3426 glia,
442 3346 542 3430 cujus
576 3354 681 3430 caput
715 3345 940 3425 Norwicum;
983 3365 1125 3428 regnum
1155 3344 1275 3410 West-

361 3558 368 3588 ¹
388 3557 553 3631 linarium]
583 3563 625 3611 ile
648 3576 703 3612 wne
724 3577 790 3612 mnr-
811 3564 894 3625 bility,
911 3564 997 3624 placeo
1019 3563 1062 3613 the
1084 3578 1158 3613 toene
1180 3565 1209 3614 oi
1223 3565 1274 3614 thiu

326 3632 425 3694 eamd,
436 3632 497 3681 with
510 3634 558 3682 live
569 3633 599 3681 of
611 3632 652 3682 his
667 3633 789 3690 children,
811 3635 894 3682 action
909 3640 936 3682 at
946 3635 1075 3683 Stnnmore
1086 3634 1112 3682 in
1124 3635 1276 3684 Westmore·

326 3702 360 3763 by
372 3702 482 3763 Phocus,
492 3702 551 3751 who
569 3703 710 3752 succeeded
729 3705 790 3766 him,
811 3704 880 3765 land,
891 3703 954 3752 srom
966 3703 1264 3765 Fordnn,Scoti·Gh1-on.

325 3777 354 3820 et
365 3772 580 3835 Comtantinople,
591 3777 623 3822 nt
636 3773 702 3823 Nou.
714 3778 772 3823 602.
846 3771 969 3822 ³lnitium
977 3773 1102 3837 erupuit]
1115 3775 1274 3837 Malmrbury

811 3843 872 3892 does
894 3850 938 3893 not
959 3844 1076 3894 consider
1093 3845 1135 3893 the
1158 3845 1274 3894 lilercinn

361 3907 372 3938 ¹
383 3911 579 3975 Frutenletam]
600 3913 745 3974 Fretherne‚
762 3915 789 3962 in
811 3914 931 3975 kingdom
942 3919 968 3962 to
979 3914 1042 3963 have
1054 3914 1104 3961 had
1115 3915 1149 3963 itt
1159 3916 1209 3964 riee
1227 3929 1275 3964 un·

326 3980 552 4032 Glouceutemhire.
568 3982 788 4044 Mnlmsbnrytelln
811 3985 840 4032 til
858 3985 900 4033 the
920 3985 990 4045 reign
1008 3983 1038 4032 oi
1053 3984 1152 4046 Penda,
1169 3985 1196 4033 in
1214 3989 1274 4036 626.

325 4050 569 4112 nathntCnth,nnd
587 4052 627 4100 hio
642 4067 687 4101 aon
704 4055 733 4102 oi
746 4055 788 4105 the
812 4054 899 4115 Henry
919 4053 1085 4116 Huntingdon
1104 4069 1194 4116 agrees
1211 4055 1274 4104 with

324 4136 393 4170 eume
410 4136 492 4181 name,
510 4137 578 4171 were
596 4122 675 4172 killed
693 4129 719 4172 et
737 4125 787 4174 thiu
811 4124 952 4173 Wendover
963 4124 988 4172 in
1000 4125 1140 4186 euppoaing
1152 4124 1230 4174 Cridn
1247 4131 1273 4174 to

324 4191 410 4240 battle.
449 4191 554 4254 Uraher,
565 4193 628 4241 with
639 4194 690 4243 leue
698 4196 786 4255 probu-
810 4194 873 4243 have
885 4195 947 4243 been
959 4194 992 4242 itu
1003 4195 1057 4242 drot
1067 4193 1193 4246 monarch.
