2888 4852
200 872 255 913 AD.
265 873 309 913 946.

200 923 307 964 Nerthum

359 426 425 492 398
615 441 749 490 nocnru
774 441 820 488 nn
844 440 1050 489 wnunovan

538 626 580 690 Ut
595 647 648 690 roc
662 626 870 691 Eodrnuoduo
887 619 1067 690 Calabriam
1082 625 1147 711 rapi

685 727 842 791 Scotorum
857 726 985 791 dodam.

411 849 515 916 Anno
529 851 670 916 Domini
686 867 901 916 nccccxnvr.
914 844 1112 934 ¹Agapetus
1129 850 1219 916 sedit
1235 850 1312 916 Ro-

199 974 328 1024 ·xparoon.
362 972 428 1016 mae
452 953 553 1016 annis
569 951 699 1030 decem,
717 952 890 1015 mensibus
912 969 976 1015 sex
990 957 1027 1014 et
1043 950 1164 1015 diebus
1178 951 1310 1016 decem.

363 1051 494 1117 Eodem
515 1072 607 1116 anno
627 1072 690 1116 rex
710 1049 947 1128 Eadmundus,
961 1043 1152 1135 'adjutorio
1174 1051 1311 1115 Leelini

361 1152 453 1234 regis
480 1153 649 1216 Demetiae
674 1152 796 1229 fretus,
820 1149 1017 1215 Cnmbriam
1037 1158 1148 1215 totam
1175 1153 1310 1215 cunctis

360 1253 484 1334 opibus
507 1251 682 1335 spoliavit,
699 1272 740 1316 ac
763 1252 897 1316 duobus
912 1249 992 1314 filiis
1010 1250 1199 1329 Dummail,
1214 1251 1308 1334 ejus-

359 1351 436 1415 dem
468 1351 655 1434 provinciae
684 1352 787 1434 regis,
819 1351 996 1415 oculorum
1036 1351 1114 1416 luce
1150 1352 1309 1434 privatis,

359 1472 504 1535 regnum
528 1451 614 1515 illud
647 1451 848 1529 Malcolmo,
874 1450 1054 1515 Scotorum
1084 1451 1169 1533 regi,
1196 1451 1239 1516 de
1269 1471 1308 1516 se

358 1552 544 1617 tenendum
561 1553 743 1629 concessit,
760 1560 800 1617 ut
814 1549 1028 1635 aquilonales
1039 1550 1176 1633 Angliae
1191 1559 1308 1636 partes

358 1660 452 1717 terra
475 1651 631 1735 marique
656 1653 700 1715 ab
725 1651 877 1717 hostium
904 1650 1168 1716 adventantium
1191 1653 1308 1717 incur·

357 1753 455 1817 sione
473 1760 638 1818 tueretur.

599 1902 649 1965 Dc
661 1909 755 1966 morto
769 1900 956 1965 Eodmouodo'
969 1901 1057 1987 capia

410 2026 539 2091 Eodem
568 2045 659 2091 anno
690 2046 752 2091 rex
778 2026 953 2110 piissimus
981 2025 1184 2108 Anglornm,
1215 2024 1308 2088 Ead-

358 2127 519 2203 munduS,
532 2125 614 2191 dum
624 2127 659 2190 in
672 2127 759 2190 sesto
777 2126 889 2190 sancti
900 2125 1102 2208 Augustini,
1113 2124 1306 2207 Anglorum

358 2227 520 2309 apostoli,
536 2245 655 2291 omnes
677 2226 774 2309 regni
789 2245 950 2308 proceres
974 2226 1018 2290 ad
1042 2246 1205 2308 magnum
1223 2246 1306 2289 een—

358 2326 488 2391 vivium
516 2327 650 2391 invilla
675 2326 783 2408 regia,
808 2345 886 2409 quae
903 2318 1142 2390 ³Micheleberi
1168 2325 1306 2402 dicitur,

358 2425 553 2503 invitasset,
571 2427 659 2490 sicut
680 2445 755 2490 mos
781 2433 857 2489 erat
873 2424 998 2509 Anglis
1023 2425 1168 2508 singulis
1191 2423 1306 2489 iacere

358 2527 471 2602 anniS,
509 2527 553 2589 ob
583 2526 840 2590 venerationem
876 2527 969 2590 beati
1001 2525 1205 2609 Augustini,
1242 2545 1306 2607 per

358 2647 459 2709 quem
474 2625 554 2690 fidei
570 2625 685 2690 lumen
702 2625 810 2709 Angli
832 2633 914 2689 sunt
931 2626 1060 2710 adepti,
1084 2627 1305 2708 congregatis

358 2727 517 2791 omnibus
552 2733 587 2790 et
621 2726 664 2790 ad
701 2726 883 2808 prandium
912 2727 1004 2809 regis
1035 2726 1305 2803 considentibus

358 2834 539 2910 coeperunt
566 2825 699 2909 epulari
723 2833 759 2890 et
785 2826 947 2908 gaudere,
970 2827 1046 2910 ipso
1069 2846 1150 2908 rege
1173 2826 1216 2890 ad
1240 2825 1304 2890 hoc

358 2927 542 3012 plurimum
575 2925 763 2990 annitente.
816 2926 972 2990 Tandem
996 2947 1073 2991 cum
1103 2947 1164 2990 rex
1198 2934 1304 3008 caput

358 3028 517 3110 erigeret,
540 3033 579 3090 ut
600 3026 731 3090 videret
754 3025 1021 3104 discumbentes,
1044 3026 1135 3090 inter
1159 3033 1304 3090 caeteros

358 3125 590 3191 latrunculum
615 3126 787 3208 quendam
809 3127 945 3189 nomine
972 3126 1069 3204 Lens,
1094 3147 1195 3209 quem
1221 3135 1304 3190 ante

357 3247 488 3310 paucos
515 3245 624 3290 annos
647 3233 788 3310 propter
812 3225 1029 3290 latrocinium
1055 3227 1305 3303 eliminaverat,

357 3326 393 3389 in
409 3327 490 3390 aula
507 3334 599 3390 stare
622 3327 817 3410 conspexit,
839 3327 930 3408 quod
957 3346 1019 3390 rex
1036 3327 1137 3390 nimis
1162 3327 1306 3391 moleste

357 3425 481 3504 ferens,
506 3427 618 3490 innuit
645 3428 820 3512 pincernae
846 3446 922 3505 suo,
947 3434 987 3491 ut
1008 3426 1116 3490 iurem
1141 3426 1237 3490 illum
1261 3427 1304 3490 de

357 3525 488 3607 palatio
510 3529 708 3608 quantoties
731 3535 927 3606 amoveret;
951 3526 1011 3590 sed
1033 3546 1111 3590 cnm
1134 3527 1304 3610 nequissi-

356 3645 433 3689 mus
456 3626 515 3689 ille
535 3634 677 3709 propter
699 3627 896 3709 pincernam
921 3628 1015 3690 exire
1041 3627 1220 3705 noluisset,
1243 3647 1305 3691 rex

391 3822 562 3894 ¹Agapeaa]
587 3826 629 3875 the
650 3826 760 3886 second;
785 3826 817 3876 he
876 3825 1307 3891 'Micholebcri‚]calledbyMalms-

356 3896 416 3946 died
428 3902 454 3946 at
465 3897 507 3945 the
519 3897 568 3946 end
579 3897 608 3946 of
616 3896 657 3945 the
670 3912 730 3957 year
742 3901 799 3946 955.
843 3899 908 3959 bury
928 3897 978 3945 and
1000 3898 1043 3946 the
1070 3899 1142 3947 ether
1170 3899 1305 3948 historians

392 3964 552 4027 'Aulularia
579 3960 709 4033 Bretina]
737 3967 817 4015 There
844 3965 1038 4015 Pucklechurch
1053 3965 1305 4034 (Gloucesternhire).

254 4069 257 4076 ,
356 4050 438 4085 neema
457 4044 482 4085 tn
501 4038 532 4085 be
552 4051 584 4085 no
601 4037 672 4085 other
689 4036 816 4097 authority
843 4038 873 4086 In
882 4037 923 4085 the
935 4037 995 4085 Sax.
1008 4037 1101 4086 Chron.
1114 4039 1134 4087 it
1145 4040 1167 4087 is
1182 4040 1238 4087 said
1249 4040 1305 4088 that

356 4106 395 4156 for
405 4107 456 4156 this
467 4107 652 4168 interpolation,
668 4121 713 4155 nor
726 4106 764 4154 for
776 4106 818 4154 the
842 4107 873 4156 he
890 4121 944 4156 was
962 4107 1095 4156 murdered
1114 4124 1146 4157 on
1165 4111 1191 4158 S.
1203 4110 1307 4173 Augus·

356 4176 477 4226 anecdota
499 4177 528 4226 ol
551 4176 594 4226 the
616 4172 698 4240 king’o
720 4177 818 4238 cruelty
842 4172 913 4226 tine'a
925 4177 976 4238 day
988 4176 1064 4242 (May
1076 4178 1129 4242 26).

356 4246 440 4296 which
451 4246 558 4297 ledono.
