2888 4852
432 443 571 493 enonas
595 443 865 492 arsromnnuu.
1053 428 1120 495 289

166 595 353 677 cularibus‚
369 603 610 667 exactionibus
630 609 666 667 et
686 603 847 681 tributis;
872 595 992 686 ¹quam
1008 603 1115 669 dona·

166 696 295 761 tionem
320 708 355 764 et
371 701 501 766 chartae
516 722 589 767 suae
605 704 900 768 confirmationem
916 702 971 766 bic
987 723 1116 785 ponere

165 793 261 874 libet,
277 806 317 862 ut
327 799 436 883 ipsius
450 802 588 866 devotio
599 804 757 867 omnibus
770 803 977 879 innotescat,
996 802 1114 887 ‘Reg·
1128 819 1216 863 cama
1225 824 1250 864 or

166 904 272 960 nante
286 898 321 961 in
336 908 540 983 perpetuum
556 901 707 966 Domino
724 909 843 966 nostre
858 902 881 966 J
885 921 945 966 esu
963 901 1115 982 Christo,
1126 870 1259 916 mm

164 994 201 1057 in
218 999 345 1061 nostris
365 1002 575 1082 temporibus
591 1001 757 1066 bellorum
775 1002 934 1065 incendia
949 1009 984 1066 et
999 1002 1113 1086 direp-

165 1095 276 1160 tiones
298 1118 402 1181 opum
425 1108 620 1164 nostrarum
643 1109 677 1165 et
691 1101 902 1165 vastantium
919 1101 1114 1167 crudelissi-

164 1214 239 1257 mas
253 1195 403 1262 hostium
418 1202 642 1264 barbarorum
659 1220 943 1284 paganarumque
959 1202 1114 1282 gentium

163 1295 371 1379 multiplices
396 1300 648 1377 tribulationes,
675 1300 900 1381 affligentium
928 1320 1038 1383 usque
1068 1302 1112 1366 ad

163 1394 430 1462 internecionem
445 1400 614 1463 cernimus
631 1407 787 1482 tempora
806 1399 1003 1464 incumbere
1023 1403 1115 1484 peri·

162 1493 292 1558 culosa.
344 1497 576 1576 Quamobrem
593 1518 658 1581 ego
675 1498 896 1577 Athelwlfus,
915 1499 1111 1565 occidenta-

161 1592 247 1656 lium
262 1614 324 1659 rex
341 1597 530 1676 Saxonum,
552 1619 629 1662 cum
653 1597 797 1663 consilio
813 1599 1052 1682 episcoporum
1069 1620 1110 1665 ac

162 1694 355 1776 principum
370 1717 536 1775 meorum,
554 1697 732 1762 consilium
750 1698 888 1763 salubre
906 1706 1011 1782 atque
1033 1700 1111 1763 uni·

162 1790 270 1855 forme
288 1797 473 1866 remedium
490 1797 669 1875 affirmavi,
687 1805 727 1862 ut
742 1797 894 1880 aliquam
916 1798 1109 1880 portionem

161 1897 263 1956 terrae
287 1913 372 1959 meae
398 1896 476 1961 Deo
507 1904 542 1960 et
574 1905 704 1961 sanctae
737 1896 860 1960 Mariae
886 1904 921 1961 et
950 1897 1109 1962 omnibus

161 1993 292 2055 sanctis
327 1993 408 2078 jure
442 2004 609 2078 perpetuo
642 1995 884 2080 possidendam
912 1997 1109 2075 concedam,

160 2090 326 2155 decimam
351 2095 483 2160 scilicet
504 2103 638 2179 partem
661 2105 762 2159 terrae
785 2115 883 2172 meae,
905 2103 945 2158 ut
966 2097 1012 2160 sit
1032 2103 1110 2162 tuta

160 2193 359 2256 muneribus
375 2202 410 2259 et
427 2195 536 2259 libera
559 2197 603 2259 ab
621 2196 778 2259 omnibus
802 2194 953 2259 servitiis
976 2196 1110 2260 secula-

161 2290 267 2368 ribus,
279 2312 342 2356 nec
360 2315 428 2359 non
444 2295 617 2376 regalibus
632 2295 771 2359 tributis
788 2294 976 2378 majoribus
992 2302 1027 2358 et
1043 2296 1109 2359 mi-

160 2392 313 2469 noribus,
328 2394 401 2457 sive
410 2396 648 2459 taxationibus
662 2414 750 2478 quas
766 2400 850 2459 nos‘
864 2394 1108 2459 Witeredden'

159 2491 374 2573 appellamus
390 2514 399 2573 3
423 2495 536 2577 sitque
558 2495 711 2559 omnium
728 2513 840 2557 rerum
854 2494 964 2557 libera
977 2514 1040 2577 pro
1055 2514 1109 2560 re·

159 2591 321 2655 missione
347 2595 539 2656 animarum
566 2602 602 2658 et
628 2602 846 2676 peccatorum
875 2612 1039 2670 meorum,
1064 2593 1108 2658 ad

159 2690 376 2755 serviendum
403 2694 468 2756 soli
492 2693 569 2757 Deo
594 2693 668 2757 sine
691 2693 911 2774 expeditione
930 2699 965 2756 ct
992 2694 1108 2773 pontis

159 2792 426 2868 constructione,
449 2794 539 2857 arcis
563 2793 765 2868 munitione,
782 2799 821 2855 ut
844 2808 885 2855 eo
907 2790 1108 2873 diligentius

159 2909 221 2971 pro
248 2891 347 2954 nobis
370 2910 489 2974 preces
516 2892 558 2954 ad
578 2892 691 2955 Deum
717 2891 791 2953 sine
812 2891 1005 2955 cessatione
1031 2889 1108 2953 sun-

158 2988 254 3066 dant,
272 3010 341 3072 quo
358 3010 474 3054 eorum
490 2990 692 3056 servitutem
709 2991 746 3053 in
765 2989 882 3071 aliquo
903 2989 1107 3071 levigamus.

159 3088 297 3153 Placuit
325 3098 440 3153 autem
463 3090 633 3173 episcopis
655 3090 810 3154 ecclcsiae
832 3088 1108 3153 Scireburnensis

158 3187 307 3253 Alstano
325 3197 359 3254 et
377 3189 627 3254 Wintoniensis
641 3188 833 3265 Swithuno,
849 3208 927 3252 cum
949 3188 1022 3251 suis
1045 3188 1106 3251 ab·

156 3290 295 3353 batibus
319 3298 353 3353 et
381 3288 447 3352 Dei
472 3291 593 3367 servis,
620 3289 704 3354 viris
735 3289 867 3352 scilicet
899 3294 935 3351 et
957 3286 1108 3351 foeminis

157 3388 340 3470 religiosis,
356 3389 482 3471 quibus
504 3389 704 3472 supradicta
725 3388 853 3454 collata
875 3394 957 3451 sunt
978 3387 1107 3451 benefi-

157 3488 223 3564 cia,
240 3488 419 3551 consilium
442 3488 541 3566 inire,
558 3497 598 3554 ut
621 3508 739 3555 omncs
755 3489 880 3552 fratres
902 3493 937 3551 et
958 3505 1107 3564 sorores,

157 3588 250 3652 omni
266 3586 481 3652 hebdomada
497 3588 552 3651 die
569 3588 745 3666 Mercurii,
758 3587 823 3654 hoc
837 3586 1106 3665 est,Wodenes-

156 3688 224 3763 dai,
243 3687 277 3749 in
296 3706 505 3770 unaquaque
519 3688 663 3752 ecclesia
676 3694 818 3751 cantent
834 3686 986 3770 psalmos
1004 3687 1108 3769 quin·

156 3787 325 3870 quaginta
345 3792 381 3851 et
400 3788 638 3870 unusquisque
661 3787 841 3870 presbyter
861 3786 946 3850 duas
968 3786 1106 3864 missas,

189 4015 291 4071 ¹qum
312 4015 462 4064 maalmam
481 4018 506 4063 et
527 4015 617 4063 churtoe
642 4013 801 4064 transmitted
810 4014 845 4076 by
856 4013 968 4075 lngulph
985 4013 1035 4062 eud
1053 4012 1108 4062 that

155 4085 619 4152 auoecoaflrmntioaem.]‘l'hiscbarter
643 4086 740 4147 writer,
760 4085 786 4134 in
809 4084 939 4146 spelman,
961 4082 1060 4133 concil.
1080 4097 1107 4145 p.

154 4155 619 4218 isbereabridgedfromMalmsbury.
645 4159 701 4205 848.

153 4232 207 4279 'l'he
216 4227 305 4276 render
312 4225 365 4276 will
372 4225 423 4275 find
431 4225 473 4274 the
485 4225 580 4287 copies,
591 4239 620 4274 es

205 4317 284 4367 VOL.
304 4315 328 4364 l.
933 4309 958 4360 U
