2888 4852
352 399 418 465 210
607 410 741 461 aocsar
766 411 813 458 ns
835 408 1043 458 wsrtnovsn

354 572 481 640 sistens
495 567 686 645 nocturnis,
702 566 836 648 ingenti
857 565 973 630 sonitu
993 562 1143 630 insulam
1160 569 1306 627 tremere

355 669 539 745 sentiebat,
561 673 597 730 et
622 685 705 733 mox
728 665 863 733 audivit
879 664 1075 745 strepitum,
1097 661 1198 743 quasi
1225 679 1305 724 cur·

355 769 504 835 rentium
542 773 802 843 armentorum
834 783 898 826 nec
924 781 1033 839 mora,
1065 761 1218 842 undique
1242 777 1305 823 va-

356 868 487 932 riorum
517 866 647 946 figuras
676 869 908 927 monstrorum
939 860 1083 926 introire
1110 858 1306 941 conspexit,

358 965 508 1030 ferarum
535 963 708 1039 videlicet,
748 961 972 1042 serpentium,
1004 959 1220 1037 bestiarum3
1251 955 1305 1020 bis

358 1065 467 1146 igitur
491 1063 584 1127 circa
603 1061 733 1126 Christi
759 1060 903 1124 militem
928 1057 1136 1123 horribiliter
1159 1063 1307 1139 perstre·

359 1164 521 1245 pentibus
559 1161 621 1238 ait,
653 1158 870 1223 ‘Miserrime
905 1156 1074 1234 Sathena,
1103 1157 1186 1240 quid
1214 1154 1306 1219 vires

360 1261 491 1325 alienas
530 1259 693 1323 simulare
733 1258 893 1333 conamsl
965 1256 1009 1321 In
1046 1257 1183 1323 nomine
1220 1255 1308 1319 Jesu

361 1358 491 1424 Christi
513 1359 678 1442 praecipio
701 1357 765 1420 tibi
789 1362 830 1419 ut
853 1355 1001 1420 desistas
1013 1355 1034 1434 3'
1064 1361 1100 1420 et
1123 1360 1204 1436 post
1232 1352 1308 1416 haec

360 1460 479 1536 verba,
501 1457 620 1522 statim
645 1455 842 1520 universum
864 1454 1072 1537 phantasma
1093 1451 1309 1536 [disparuit]

362 1557 557 1641 Episcopus
572 1556 724 1639 quidam,
740 1548 886 1617 ¹Hebba
900 1555 1049 1630 nomine,
1064 1554 1161 1617 venit
1177 1553 1221 1616 ad
1238 1551 1310 1616 col·

363 1655 519 1739 loquium
545 1655 656 1719 sancti
680 1653 758 1730 viri,
791 1652 922 1718 habens
948 1653 986 1716 in
1008 1653 1176 1716 comitatu
1198 1651 1310 1714 virum

363 1755 534 1837 quendam
549 1754 739 1829 librarium,
758 1752 895 1816 nomine
912 1751 1133 1828 Willridum;
1169 1749 1224 1813 hic
1247 1768 1310 1812 au-

363 1853 462 1918 diens
489 1853 666 1916 ministros
688 1851 732 1914 de
756 1850 850 1914 beati
875 1849 1041 1919 Guthlaci
1066 1849 1253 1915 virtutibus
1275 1855 1312 1912 et
1374 1880 1377 1884 ·

365 1952 540 2016 miraculis
557 1950 806 2032 colloquentes,
826 1949 871 2012 ad
886 1949 1055 2031 quosdam
1077 1949 1113 2011 in
1131 1947 1230 2030 cujus
1248 1967 1312 2029 po-

365 2051 476 2116 tentia
492 2049 566 2114 haec
584 2049 714 2113 iaceret
730 2047 929 2113 dubitantes
944 2049 1007 2124 ait,
1024 2047 1115 2130 quod
1132 2048 1163 2110 si
1179 2046 1313 2110 videret

365 2168 456 2225 eum,
479 2149 583 2212 sciret
609 2148 801 2211 discernere
830 2154 948 2210 utrum
973 2166 1075 2209 verus
1103 2145 1170 2209 Dei
1200 2145 1313 2208 cultor

365 2254 470 2322 esset,
481 2265 526 2309 an
540 2245 737 2310 sanctitatis
753 2246 902 2327 speciem
918 2245 1107 2309 simularet.
1139 2243 1313 2307 Praesatus

365 2345 474 2428 igitur
497 2345 679 2428 episcopus
701 2345 768 2409 viri
793 2344 861 2408 Dei
888 2344 1102 2408 sermonibus
1126 2350 1314 2419 recreatus,

366 2435 443 2509 eum
459 2443 643 2525 diligenter
656 2443 764 2525 coepit
777 2443 922 2519 hortari,
937 2449 977 2507 ut
993 2462 1054 2524 per
1067 2461 1145 2507 eum
1160 2441 1314 2506 ordinem

365 2541 556 2606 sacerdotis
591 2543 774 2624 acciperet,
804 2542 864 2623 qui
895 2543 1021 2606 cadens
1043 2542 1087 2605 ad
1111 2541 1216 2623 pedes
1241 2541 1315 2623 epi·

367 2641 476 2722 scopi,
499 2660 536 2704 se
560 2649 734 2723 praecepto
755 2641 864 2723 ipsius
887 2641 1025 2704 obedire
1041 2641 1218 2723 promisit3
1242 2641 1315 2721 epi-

367 2758 494 2821 scopus
511 2739 619 2821 igitur
635 2739 802 2821 gaudens,
818 2747 1022 2803 consecrata
1043 2741 1139 2822 prius
1158 2740 1316 2814 ecclesia,

367 2839 482 2921 ipsum
498 2839 542 2902 ad
560 2838 743 2902 sacerdotii
759 2838 904 2919 gradum
919 2840 1021 2901 laetus
1038 2839 1223 2921 promovit.
1248 2836 1316 2902 lllo

368 2937 507 3020 quidem
530 2938 585 3002 die
607 2944 728 3002 contra
745 2937 898 3013 solitum,
916 2945 1041 3018 rogatu
1063 2937 1236 3020 pontificis
1258 2956 1318 3000 co·

369 3043 468 3100 actus
491 3043 545 3099 est
560 3036 604 3098 ad
626 3055 762 3100 coenam
780 3055 858 3099 cum
880 3037 1016 3100 caeteris
1037 3035 1206 3115 residere;
1233 3043 1316 3099 tunc

370 3134 565 3216 adspiciens
580 3133 764 3217 praefatum
780 3128 1006 3213 ²Wilsridnm,
1021 3136 1071 3199 ait
1086 3135 1129 3198 ad
1146 3154 1238 3210 eum,
1259 3140 1269 3171 ‘
1283 3134 1314 3198 0

370 3232 479 3296 frater
503 3232 676 3311 Wilfride,
702 3233 785 3316 quid
811 3234 874 3297 tibi
899 3253 990 3298 nunc
1013 3234 1151 3298 videtur
1183 3233 1226 3296 de
1256 3232 1317 3297 illo

370 3331 565 3408 dicendum,
586 3333 630 3397 de
648 3351 716 3414 quo
734 3331 807 3396 heri
823 3341 857 3397 te
869 3333 1106 3415 judicaturum
1128 3332 1317 3396 certissime

370 3430 559 3513 promisisti
570 3429 595 3494 i’
642 3430 708 3493 Ille
725 3431 826 3495 nimis
848 3431 1022 3495 admirans
1037 3432 1200 3508 surrexit,
1215 3438 1250 3495 et
1272 3430 1317 3494 ad

369 3528 474 3611 pedes
501 3529 577 3612 ejus
605 3528 742 3593 veniam
776 3530 950 3594 humiliter
976 3531 1140 3612 flagitans
1167 3549 1204 3593 se
1236 3549 1316 3611 pro·

370 3627 506 3691 stravit.
559 3627 678 3712 Hujus
699 3630 811 3693 sancti
826 3630 892 3694 viri
906 3631 1053 3694 virtutes
1067 3630 1096 3692 si
1112 3648 1230 3693 omnes
1245 3628 1319 3692 vel·

370 3724 439 3789 lem
453 3727 628 3808 explicare
642 3728 770 3804 verbis,
784 3728 835 3792 ita
849 3735 941 3791 esset
957 3747 998 3792 ac
1013 3729 1043 3792 si
1057 3729 1162 3791 maris
1178 3747 1319 3793 arenam

371 3823 557 3906 inciperem
583 3845 784 3905 numerare;
810 3826 974 3890 vicesimo
1001 3834 1118 3891 autem
1144 3835 1180 3890 et
1196 3828 1318 3909 quinto

372 3923 488 3988 aetatis
502 3943 575 3987 suae
599 3943 690 3989 anno
708 3925 900 3988 solitariam
921 3944 1107 4007 aggressus
1123 3926 1244 4003 vitam,
1260 3945 1321 3989 an·

406 4100 537 4175 ¹Hebhu.]
564 4107 667 4171 liedda,
686 4109 712 4156 in
729 4107 771 4157 the
787 4109 832 4158 lile
894 4105 1098 4172 'Wilsridum.]
1122 4109 1274 4173 wigfridus,
1294 4111 1320 4160 in

370 4176 447 4226 cited.
859 4177 900 4227 the
909 4177 954 4227 lite
966 4178 1042 4229 cited.
