<?xml version="1.0" encoding="UTF-8"?>
<!DOCTYPE html PUBLIC "-//W3C//DTD XHTML 1.0 Transitional//EN"
    "http://www.w3.org/TR/xhtml1/DTD/xhtml1-transitional.dtd">
<html xmlns="http://www.w3.org/1999/xhtml" xml:lang="en" lang="en">
 <head>
  <title>
</title>
<meta http-equiv="Content-Type" content="text/html;charset=utf-8" />
  <meta name='ocr-system' content='tesseract 3.04.00' />
  <meta name='ocr-capabilities' content='ocr_page ocr_carea ocr_par ocr_line ocrx_word'/>
</head>
<body>
  <div class='ocr_page' id='page_1' title='image "./rogeridewendove04rogegoog_0303.png"; bbox 0 0 2888 4852; ppageno 0'>
   <div class='ocr_carea' id='block_1_1' title="bbox 286 383 972 449">
    <p class='ocr_par' dir='ltr' id='par_1_1' title="bbox 286 383 972 449">
     <span class='ocr_line' id='line_1_1' title="bbox 286 383 972 449; baseline 0.001 -2"><span class='ocrx_word' id='word_1_1' title='bbox 286 383 352 448; x_wconf 75' lang='lat'><strong>260</strong></span> <span class='ocrx_word' id='word_1_2' title='bbox 533 399 668 448; x_wconf 77' lang='lat' dir='ltr'><strong>noorai</strong></span> <span class='ocrx_word' id='word_1_3' title='bbox 694 401 740 447; x_wconf 83' lang='lat' dir='ltr'><strong>nn</strong></span> <span class='ocrx_word' id='word_1_4' title='bbox 763 400 972 449; x_wconf 77' lang='lat' dir='ltr'><strong>wanoovun</strong></span> 
     </span>
    </p>
   </div>
   <div class='ocr_carea' id='block_1_2' title="bbox 285 554 1241 1237">
    <p class='ocr_par' dir='ltr' id='par_1_2' title="bbox 285 554 1241 1237">
     <span class='ocr_line' id='line_1_2' title="bbox 286 554 1237 639; baseline -0.004 -17"><span class='ocrx_word' id='word_1_5' title='bbox 286 557 489 636; x_wconf 86' lang='lat' dir='ltr'><strong>extendens,</strong></span> <span class='ocrx_word' id='word_1_6' title='bbox 499 557 612 622; x_wconf 80' lang='lat' dir='ltr'>nobile</span> <span class='ocrx_word' id='word_1_7' title='bbox 622 556 727 621; x_wconf 88' lang='lat' dir='ltr'><strong>habet</strong></span> <span class='ocrx_word' id='word_1_8' title='bbox 740 557 999 635; x_wconf 86' lang='lat' dir='ltr'><strong>monasterium,</strong></span> <span class='ocrx_word' id='word_1_9' title='bbox 1010 554 1048 620; x_wconf 87' lang='lat' dir='ltr'><strong>in</strong></span> <span class='ocrx_word' id='word_1_10' title='bbox 1056 575 1126 639; x_wconf 90' lang='lat' dir='ltr'><strong>quo</strong></span> <span class='ocrx_word' id='word_1_11' title='bbox 1137 562 1237 638; x_wconf 87' lang='lat' dir='ltr'><strong>pater</strong></span> 
     </span>
     <span class='ocr_line' id='line_1_3' title="bbox 287 656 1236 740; baseline -0.003 -19"><span class='ocrx_word' id='word_1_12' title='bbox 287 658 434 721; x_wconf 80' lang='lat' dir='ltr'><strong>eximius</strong></span> <span class='ocrx_word' id='word_1_13' title='bbox 469 659 615 721; x_wconf 87' lang='lat' dir='ltr'><strong>antistes</strong></span> <span class='ocrx_word' id='word_1_14' title='bbox 638 657 851 721; x_wconf 86' lang='lat' dir='ltr'><strong>Cuthbertus</strong></span> <span class='ocrx_word' id='word_1_15' title='bbox 878 656 1013 740; x_wconf 88' lang='lat' dir='ltr'><strong>positus</strong></span> <span class='ocrx_word' id='word_1_16' title='bbox 1045 662 1132 732; x_wconf 88' lang='lat' dir='ltr'><strong>erat,</strong></span> <span class='ocrx_word' id='word_1_17' title='bbox 1157 675 1236 718; x_wconf 91' lang='lat' dir='ltr'><strong>cum</strong></span> 
     </span>
     <span class='ocr_line' id='line_1_4' title="bbox 287 751 1238 840; baseline -0.004 -18"><span class='ocrx_word' id='word_1_18' title='bbox 287 757 365 822; x_wconf 85' lang='lat' dir='ltr'><strong>aliis</strong></span> <span class='ocrx_word' id='word_1_19' title='bbox 381 757 598 840; x_wconf 85' lang='lat' dir='ltr'><strong>praesulibus,</strong></span> <span class='ocrx_word' id='word_1_20' title='bbox 615 757 674 839; x_wconf 94' lang='lat' dir='ltr'><strong>qui</strong></span> <span class='ocrx_word' id='word_1_21' title='bbox 691 756 766 840; x_wconf 92' lang='lat' dir='ltr'><strong>ejus</strong></span> <span class='ocrx_word' id='word_1_22' title='bbox 789 775 1006 821; x_wconf 86' lang='lat' dir='ltr'><strong>successores</strong></span> <span class='ocrx_word' id='word_1_23' title='bbox 1028 751 1238 819; x_wconf 76' lang='lat' dir='ltr'><strong>sanctissimi</strong></span> 
     </span>
     <span class='ocr_line' id='line_1_5' title="bbox 287 856 1236 938; baseline -0.004 -18"><span class='ocrx_word' id='word_1_24' title='bbox 287 857 506 920; x_wconf 84' lang='lat' dir='ltr'><strong>exstiterunt.</strong></span> <span class='ocrx_word' id='word_1_25' title='bbox 560 856 681 920; x_wconf 89' lang='lat' dir='ltr'><strong>Lindis</strong></span> <span class='ocrx_word' id='word_1_26' title='bbox 698 876 781 921; x_wconf 90' lang='lat' dir='ltr'><strong>vero</strong></span> <span class='ocrx_word' id='word_1_27' title='bbox 804 856 937 920; x_wconf 87' lang='lat' dir='ltr'><strong>rivulus</strong></span> <span class='ocrx_word' id='word_1_28' title='bbox 953 863 1018 934; x_wconf 91' lang='lat' dir='ltr'><strong>est,</strong></span> <span class='ocrx_word' id='word_1_29' title='bbox 1036 856 1096 938; x_wconf 91' lang='lat' dir='ltr'><strong>qui</strong></span> <span class='ocrx_word' id='word_1_30' title='bbox 1113 874 1236 919; x_wconf 86' lang='lat' dir='ltr'><strong>excur-</strong></span> 
     </span>
     <span class='ocr_line' id='line_1_6' title="bbox 287 954 1237 1038; baseline -0.002 -19"><span class='ocrx_word' id='word_1_31' title='bbox 287 956 334 1019; x_wconf 87' lang='lat' dir='ltr'><strong>rit</strong></span> <span class='ocrx_word' id='word_1_32' title='bbox 355 956 391 1019; x_wconf 95' lang='lat' dir='ltr'><strong>in</strong></span> <span class='ocrx_word' id='word_1_33' title='bbox 414 974 520 1033; x_wconf 88' lang='lat' dir='ltr'><strong>mare,</strong></span> <span class='ocrx_word' id='word_1_34' title='bbox 542 955 689 1019; x_wconf 90' lang='lat' dir='ltr'><strong>duorum</strong></span> <span class='ocrx_word' id='word_1_35' title='bbox 711 955 837 1038; x_wconf 92' lang='lat' dir='ltr'><strong>pedum</strong></span> <span class='ocrx_word' id='word_1_36' title='bbox 867 955 996 1019; x_wconf 91' lang='lat' dir='ltr'><strong>habens</strong></span> <span class='ocrx_word' id='word_1_37' title='bbox 1018 954 1237 1019; x_wconf 90' lang='lat' dir='ltr'><strong>latitudinem</strong></span> 
     </span>
     <span class='ocr_line' id='line_1_7' title="bbox 285 1053 1237 1139; baseline -0.002 -21"><span class='ocrx_word' id='word_1_38' title='bbox 285 1055 426 1136; x_wconf 87' lang='lat' dir='ltr'><strong>quando</strong></span> <span class='ocrx_word' id='word_1_39' title='bbox 446 1055 558 1118; x_wconf 90' lang='lat' dir='ltr'><strong>minor</strong></span> <span class='ocrx_word' id='word_1_40' title='bbox 572 1055 676 1119; x_wconf 83' lang='lat' dir='ltr'><strong>suerit</strong></span> <span class='ocrx_word' id='word_1_41' title='bbox 697 1062 733 1119; x_wconf 88' lang='lat' dir='ltr'><strong>et</strong></span> <span class='ocrx_word' id='word_1_42' title='bbox 750 1055 858 1119; x_wconf 90' lang='lat' dir='ltr'><strong>videri</strong></span> <span class='ocrx_word' id='word_1_43' title='bbox 877 1063 1005 1139; x_wconf 89' lang='lat' dir='ltr'><strong>potest,</strong></span> <span class='ocrx_word' id='word_1_44' title='bbox 1022 1054 1082 1118; x_wconf 91' lang='lat' dir='ltr'><strong>sed</strong></span> <span class='ocrx_word' id='word_1_45' title='bbox 1098 1053 1237 1136; x_wconf 88' lang='lat' dir='ltr'><strong>quando</strong></span> 
     </span>
     <span class='ocr_line' id='line_1_8' title="bbox 288 1153 1241 1237; baseline 0 -20"><span class='ocrx_word' id='word_1_46' title='bbox 288 1161 395 1217; x_wconf 84' lang='lat' dir='ltr'><strong>aestus</strong></span> <span class='ocrx_word' id='word_1_47' title='bbox 412 1153 525 1237; x_wconf 91' lang='lat' dir='ltr'><strong>major</strong></span> <span class='ocrx_word' id='word_1_48' title='bbox 539 1154 654 1232; x_wconf 88' lang='lat' dir='ltr'><strong>fuerit,</strong></span> <span class='ocrx_word' id='word_1_49' title='bbox 668 1161 751 1218; x_wconf 94' lang='lat' dir='ltr'><strong>tunc</strong></span> <span class='ocrx_word' id='word_1_50' title='bbox 769 1155 889 1237; x_wconf 90' lang='lat' dir='ltr'><strong>nequit</strong></span> <span class='ocrx_word' id='word_1_51' title='bbox 905 1154 1026 1218; x_wconf 90' lang='lat' dir='ltr'><strong>Lindis</strong></span> <span class='ocrx_word' id='word_1_52' title='bbox 1039 1154 1159 1219; x_wconf 89' lang='lat' dir='ltr'><strong>videri.</strong></span> <span class='ocrx_word' id='word_1_53' title='bbox 1235 1170 1241 1197; x_wconf 78' lang='lat'><strong>·,</strong></span> 
     </span>
    </p>
   </div>
   <div class='ocr_carea' id='block_1_3' title="bbox 298 1326 1104 1412">
    <p class='ocr_par' dir='ltr' id='par_1_3' title="bbox 298 1326 1104 1412">
     <span class='ocr_line' id='line_1_9' title="bbox 298 1326 1104 1412; baseline -0.005 -19"><span class='ocrx_word' id='word_1_54' title='bbox 298 1384 302 1393; x_wconf 90' lang='lat'><em>.</em></span> <span class='ocrx_word' id='word_1_55' title='bbox 409 1327 458 1390; x_wconf 79' lang='lat' dir='ltr'><strong>De</strong></span> <span class='ocrx_word' id='word_1_56' title='bbox 466 1327 674 1412; x_wconf 73' lang='lat' dir='ltr'><strong>persecutione</strong></span> <span class='ocrx_word' id='word_1_57' title='bbox 691 1326 885 1391; x_wconf 72' lang='lat' dir='ltr'><strong>Omutaatior&#39;</strong></span> <span class='ocrx_word' id='word_1_58' title='bbox 898 1327 1104 1411; x_wconf 64' lang='lat' dir='ltr'><strong>inmeante.</strong></span> 
     </span>
    </p>
   </div>
   <div class='ocr_carea' id='block_1_4' title="bbox 209 1436 1239 3324">
    <p class='ocr_par' dir='ltr' id='par_1_4' title="bbox 209 1436 1239 3324">
     <span class='ocr_line' id='line_1_10' title="bbox 337 1436 1238 1533; baseline 0.001 -19"><span class='ocrx_word' id='word_1_59' title='bbox 337 1449 443 1515; x_wconf 83' lang='lat' dir='ltr'><strong>Anno</strong></span> <span class='ocrx_word' id='word_1_60' title='bbox 467 1452 610 1516; x_wconf 88' lang='lat' dir='ltr'><strong>Domini</strong></span> <span class='ocrx_word' id='word_1_61' title='bbox 634 1436 792 1515; x_wconf 67' lang='lat' dir='ltr'><strong>ocem.</strong></span> <span class='ocrx_word' id='word_1_62' title='bbox 816 1450 1067 1515; x_wconf 81' lang='lat' dir='ltr'><strong>Constantinus</strong></span> <span class='ocrx_word' id='word_1_63' title='bbox 1090 1451 1238 1533; x_wconf 87' lang='lat' dir='ltr'><strong>impera·</strong></span> 
     </span>
     <span class='ocr_line' id='line_1_11' title="bbox 288 1543 1236 1634; baseline -0.002 -18"><span class='ocrx_word' id='word_1_64' title='bbox 288 1557 344 1616; x_wconf 88' lang='lat' dir='ltr'><strong>tor</strong></span> <span class='ocrx_word' id='word_1_65' title='bbox 360 1552 488 1616; x_wconf 88' lang='lat' dir='ltr'><strong>multos</strong></span> <span class='ocrx_word' id='word_1_66' title='bbox 501 1552 567 1616; x_wconf 90' lang='lat' dir='ltr'><strong>sibi</strong></span> <span class='ocrx_word' id='word_1_67' title='bbox 582 1559 762 1634; x_wconf 88' lang='lat' dir='ltr'><strong>suspectos</strong></span> <span class='ocrx_word' id='word_1_68' title='bbox 777 1543 902 1615; x_wconf 91' lang='lat' dir='ltr'><strong>¹oculis</strong></span> <span class='ocrx_word' id='word_1_69' title='bbox 917 1551 1087 1633; x_wconf 83' lang='lat' dir='ltr'><strong>privavit3</strong></span> <span class='ocrx_word' id='word_1_70' title='bbox 1109 1570 1236 1634; x_wconf 89' lang='lat' dir='ltr'><strong>papam</strong></span> 
     </span>
     <span class='ocr_line' id='line_1_12' title="bbox 288 1649 1236 1733; baseline -0.001 -20"><span class='ocrx_word' id='word_1_71' title='bbox 288 1649 515 1733; x_wconf 80' lang='lat' dir='ltr'><strong>Stephanum,</strong></span> <span class='ocrx_word' id='word_1_72' title='bbox 548 1671 650 1733; x_wconf 93' lang='lat' dir='ltr'><strong>quem</strong></span> <span class='ocrx_word' id='word_1_73' title='bbox 677 1670 739 1733; x_wconf 91' lang='lat' dir='ltr'><strong>per</strong></span> <span class='ocrx_word' id='word_1_74' title='bbox 761 1668 871 1713; x_wconf 88' lang='lat' dir='ltr'><strong>annos</strong></span> <span class='ocrx_word' id='word_1_75' title='bbox 902 1650 1134 1732; x_wconf 82' lang='lat' dir='ltr'><strong>quadraginta</strong></span> <span class='ocrx_word' id='word_1_76' title='bbox 1159 1671 1236 1714; x_wconf 87' lang='lat' dir='ltr'><strong>car-</strong></span> 
     </span>
     <span class='ocr_line' id='line_1_13' title="bbox 288 1749 1235 1829; baseline 0 -16"><span class='ocrx_word' id='word_1_77' title='bbox 288 1769 365 1813; x_wconf 88' lang='lat' dir='ltr'><strong>cere</strong></span> <span class='ocrx_word' id='word_1_78' title='bbox 386 1749 556 1813; x_wconf 91' lang='lat' dir='ltr'><strong>inclusum</strong></span> <span class='ocrx_word' id='word_1_79' title='bbox 577 1757 748 1826; x_wconf 88' lang='lat' dir='ltr'><strong>tenuerat,</strong></span> <span class='ocrx_word' id='word_1_80' title='bbox 763 1749 893 1813; x_wconf 87' lang='lat' dir='ltr'><strong>crudeli</strong></span> <span class='ocrx_word' id='word_1_81' title='bbox 910 1757 1020 1813; x_wconf 89' lang='lat' dir='ltr'><strong>morte</strong></span> <span class='ocrx_word' id='word_1_82' title='bbox 1037 1750 1235 1829; x_wconf 84' lang='lat' dir='ltr'><strong>damnavit3</strong></span> 
     </span>
     <span class='ocr_line' id='line_1_14' title="bbox 288 1848 1238 1937; baseline 0 -25"><span class='ocrx_word' id='word_1_83' title='bbox 288 1856 324 1912; x_wconf 88' lang='lat' dir='ltr'><strong>et</strong></span> <span class='ocrx_word' id='word_1_84' title='bbox 343 1868 462 1913; x_wconf 91' lang='lat' dir='ltr'><strong>omnes</strong></span> <span class='ocrx_word' id='word_1_85' title='bbox 485 1849 551 1912; x_wconf 92' lang='lat' dir='ltr'><strong>sibi</strong></span> <span class='ocrx_word' id='word_1_86' title='bbox 571 1857 752 1932; x_wconf 89' lang='lat' dir='ltr'><strong>suspectos</strong></span> <span class='ocrx_word' id='word_1_87' title='bbox 777 1848 834 1913; x_wconf 90' lang='lat' dir='ltr'><strong>vel</strong></span> <span class='ocrx_word' id='word_1_88' title='bbox 853 1848 1029 1937; x_wconf 87' lang='lat' dir='ltr'><strong>subjectos</strong></span> <span class='ocrx_word' id='word_1_89' title='bbox 1043 1869 1149 1932; x_wconf 88' lang='lat' dir='ltr'><strong>super</strong></span> <span class='ocrx_word' id='word_1_90' title='bbox 1170 1850 1238 1931; x_wconf 83' lang='lat' dir='ltr'><strong>lig-</strong></span> 
     </span>
     <span class='ocr_line' id='line_1_15' title="bbox 289 1948 1236 2032; baseline 0.002 -21"><span class='ocrx_word' id='word_1_91' title='bbox 289 1968 370 2011; x_wconf 92' lang='lat' dir='ltr'><strong>num</strong></span> <span class='ocrx_word' id='word_1_92' title='bbox 386 1955 517 2012; x_wconf 86' lang='lat' dir='ltr'><strong>sanctae</strong></span> <span class='ocrx_word' id='word_1_93' title='bbox 532 1950 644 2012; x_wconf 88' lang='lat' dir='ltr'><strong>crucis</strong></span> <span class='ocrx_word' id='word_1_94' title='bbox 661 1949 781 2032; x_wconf 90' lang='lat' dir='ltr'><strong>jurare</strong></span> <span class='ocrx_word' id='word_1_95' title='bbox 797 1948 890 2027; x_wconf 81' lang='lat' dir='ltr'><strong>fecit,</strong></span> <span class='ocrx_word' id='word_1_96' title='bbox 906 1948 998 2031; x_wconf 92' lang='lat' dir='ltr'><strong>quod</strong></span> <span class='ocrx_word' id='word_1_97' title='bbox 1021 1948 1152 2013; x_wconf 90' lang='lat' dir='ltr'><strong>nullam</strong></span> <span class='ocrx_word' id='word_1_98' title='bbox 1169 1949 1236 2013; x_wconf 88' lang='lat' dir='ltr'><strong>Dei</strong></span> 
     </span>
     <span class='ocr_line' id='line_1_16' title="bbox 288 2048 1237 2131; baseline 0.001 -20"><span class='ocrx_word' id='word_1_99' title='bbox 288 2055 350 2111; x_wconf 89' lang='lat' dir='ltr'><strong>aut</strong></span> <span class='ocrx_word' id='word_1_100' title='bbox 382 2055 581 2112; x_wconf 89' lang='lat' dir='ltr'><strong>sanctorum</strong></span> <span class='ocrx_word' id='word_1_101' title='bbox 614 2048 799 2130; x_wconf 85' lang='lat' dir='ltr'><strong>imaginem</strong></span> <span class='ocrx_word' id='word_1_102' title='bbox 833 2055 1092 2126; x_wconf 82' lang='lat' dir='ltr'><strong>venerarentur,</strong></span> <span class='ocrx_word' id='word_1_103' title='bbox 1125 2068 1237 2131; x_wconf 86' lang='lat' dir='ltr'><strong>neque</strong></span> 
     </span>
     <span class='ocr_line' id='line_1_17' title="bbox 288 2146 1236 2230; baseline -0.001 -19"><span class='ocrx_word' id='word_1_104' title='bbox 288 2146 355 2211; x_wconf 91' lang='lat' dir='ltr'><strong>Dei</strong></span> <span class='ocrx_word' id='word_1_105' title='bbox 376 2148 576 2228; x_wconf 81' lang='lat' dir='ltr'><strong>genitricem</strong></span> <span class='ocrx_word' id='word_1_106' title='bbox 602 2147 815 2212; x_wconf 85' lang='lat' dir='ltr'><strong>invocarent.</strong></span> <span class='ocrx_word' id='word_1_107' title='bbox 869 2148 940 2211; x_wconf 89' lang='lat' dir='ltr'><strong>Eos</strong></span> <span class='ocrx_word' id='word_1_108' title='bbox 963 2155 1090 2226; x_wconf 87' lang='lat' dir='ltr'><strong>autem,</strong></span> <span class='ocrx_word' id='word_1_109' title='bbox 1107 2149 1167 2230; x_wconf 90' lang='lat' dir='ltr'><strong>qui</strong></span> <span class='ocrx_word' id='word_1_110' title='bbox 1184 2148 1236 2213; x_wconf 92' lang='lat' dir='ltr'><strong>vi-</strong></span> 
     </span>
     <span class='ocr_line' id='line_1_18' title="bbox 288 2247 1237 2330; baseline 0.002 -20"><span class='ocrx_word' id='word_1_111' title='bbox 288 2247 389 2329; x_wconf 85' lang='lat' dir='ltr'><strong>gilias</strong></span> <span class='ocrx_word' id='word_1_112' title='bbox 414 2247 491 2311; x_wconf 92' lang='lat' dir='ltr'><strong>Deo</strong></span> <span class='ocrx_word' id='word_1_113' title='bbox 516 2248 677 2329; x_wconf 85' lang='lat' dir='ltr'><strong>agebant,</strong></span> <span class='ocrx_word' id='word_1_114' title='bbox 706 2247 767 2330; x_wconf 90' lang='lat' dir='ltr'><strong>qui</strong></span> <span class='ocrx_word' id='word_1_115' title='bbox 791 2247 952 2330; x_wconf 83' lang='lat' dir='ltr'><strong>religiose</strong></span> <span class='ocrx_word' id='word_1_116' title='bbox 978 2247 1155 2325; x_wconf 81' lang='lat' dir='ltr'><strong>vivebant,</strong></span> <span class='ocrx_word' id='word_1_117' title='bbox 1180 2248 1237 2312; x_wconf 89' lang='lat' dir='ltr'><strong>vel</strong></span> 
     </span>
     <span class='ocr_line' id='line_1_19' title="bbox 209 2346 1238 2430; baseline 0.001 -20"><span class='ocrx_word' id='word_1_118' title='bbox 209 2389 210 2393; x_wconf 55' lang='lat'><em>=</em></span> <span class='ocrx_word' id='word_1_119' title='bbox 288 2346 348 2429; x_wconf 90' lang='lat' dir='ltr'><strong>qui</strong></span> <span class='ocrx_word' id='word_1_120' title='bbox 365 2353 562 2410; x_wconf 90' lang='lat' dir='ltr'><strong>sanctorum</strong></span> <span class='ocrx_word' id='word_1_121' title='bbox 580 2346 743 2430; x_wconf 86' lang='lat' dir='ltr'><strong>reliquias</strong></span> <span class='ocrx_word' id='word_1_122' title='bbox 760 2366 864 2428; x_wconf 91' lang='lat' dir='ltr'><strong>penes</strong></span> <span class='ocrx_word' id='word_1_123' title='bbox 887 2366 924 2411; x_wconf 89' lang='lat' dir='ltr'><strong>se</strong></span> <span class='ocrx_word' id='word_1_124' title='bbox 947 2346 1131 2425; x_wconf 87' lang='lat' dir='ltr'><strong>habebant,</strong></span> <span class='ocrx_word' id='word_1_125' title='bbox 1153 2366 1238 2412; x_wconf 91' lang='lat' dir='ltr'><strong>con-</strong></span> 
     </span>
     <span class='ocr_line' id='line_1_20' title="bbox 289 2444 1238 2528; baseline 0.001 -19"><span class='ocrx_word' id='word_1_126' title='bbox 289 2444 466 2523; x_wconf 88' lang='lat' dir='ltr'><strong>demnans,</strong></span> <span class='ocrx_word' id='word_1_127' title='bbox 483 2447 698 2528; x_wconf 86' lang='lat' dir='ltr'><strong>patrimoniis</strong></span> <span class='ocrx_word' id='word_1_128' title='bbox 714 2447 886 2528; x_wconf 88' lang='lat' dir='ltr'><strong>privabat,</strong></span> <span class='ocrx_word' id='word_1_129' title='bbox 903 2453 938 2509; x_wconf 91' lang='lat' dir='ltr'><strong>et</strong></span> <span class='ocrx_word' id='word_1_130' title='bbox 952 2447 1062 2512; x_wconf 91' lang='lat' dir='ltr'><strong>modis</strong></span> <span class='ocrx_word' id='word_1_131' title='bbox 1078 2447 1238 2511; x_wconf 90' lang='lat' dir='ltr'><strong>omnibus</strong></span> 
     </span>
     <span class='ocr_line' id='line_1_21' title="bbox 287 2545 1238 2628; baseline 0.001 -18"><span class='ocrx_word' id='word_1_132' title='bbox 287 2545 484 2624; x_wconf 85' lang='lat' dir='ltr'><strong>cruciabat3</strong></span> <span class='ocrx_word' id='word_1_133' title='bbox 508 2547 568 2628; x_wconf 93' lang='lat' dir='ltr'><strong>qui</strong></span> <span class='ocrx_word' id='word_1_134' title='bbox 588 2547 836 2610; x_wconf 91' lang='lat' dir='ltr'><strong>reverentiores</strong></span> <span class='ocrx_word' id='word_1_135' title='bbox 852 2553 963 2623; x_wconf 88' lang='lat' dir='ltr'><strong>erant,</strong></span> <span class='ocrx_word' id='word_1_136' title='bbox 979 2566 1097 2611; x_wconf 89' lang='lat' dir='ltr'><strong>eorum</strong></span> <span class='ocrx_word' id='word_1_137' title='bbox 1112 2548 1238 2611; x_wconf 87' lang='lat' dir='ltr'><strong>barbas</strong></span> 
     </span>
     <span class='ocr_line' id='line_1_22' title="bbox 288 2644 1239 2728; baseline -0.001 -18"><span class='ocrx_word' id='word_1_138' title='bbox 288 2664 368 2710; x_wconf 90' lang='lat' dir='ltr'><strong>cera</strong></span> <span class='ocrx_word' id='word_1_139' title='bbox 383 2652 419 2709; x_wconf 92' lang='lat' dir='ltr'><strong>et</strong></span> <span class='ocrx_word' id='word_1_140' title='bbox 433 2645 509 2728; x_wconf 91' lang='lat' dir='ltr'><strong>pice</strong></span> <span class='ocrx_word' id='word_1_141' title='bbox 526 2644 633 2709; x_wconf 88' lang='lat' dir='ltr'><strong>illitas</strong></span> <span class='ocrx_word' id='word_1_142' title='bbox 651 2647 862 2709; x_wconf 89' lang='lat' dir='ltr'><strong>amburebat.</strong></span> <span class='ocrx_word' id='word_1_143' title='bbox 898 2645 1102 2722; x_wconf 88' lang='lat' dir='ltr'><strong>Monachus,</strong></span> <span class='ocrx_word' id='word_1_144' title='bbox 1117 2654 1157 2710; x_wconf 92' lang='lat' dir='ltr'><strong>ut</strong></span> <span class='ocrx_word' id='word_1_145' title='bbox 1170 2661 1239 2709; x_wconf 50' lang='lat' dir='ltr'><strong>ux*</strong></span> 
     </span>
     <span class='ocr_line' id='line_1_23' title="bbox 289 2743 1237 2829; baseline 0.001 -21"><span class='ocrx_word' id='word_1_146' title='bbox 289 2764 378 2822; x_wconf 90' lang='lat' dir='ltr'><strong>ores,</strong></span> <span class='ocrx_word' id='word_1_147' title='bbox 390 2743 576 2808; x_wconf 89' lang='lat' dir='ltr'><strong>monachas</strong></span> <span class='ocrx_word' id='word_1_148' title='bbox 591 2753 631 2808; x_wconf 90' lang='lat' dir='ltr'><strong>ut</strong></span> <span class='ocrx_word' id='word_1_149' title='bbox 643 2745 748 2821; x_wconf 89' lang='lat' dir='ltr'><strong>viros,</strong></span> <span class='ocrx_word' id='word_1_150' title='bbox 766 2745 942 2822; x_wconf 88' lang='lat' dir='ltr'><strong>ducerent,</strong></span> <span class='ocrx_word' id='word_1_151' title='bbox 959 2748 1126 2827; x_wconf 81' lang='lat' dir='ltr'><strong>cogebat3</strong></span> <span class='ocrx_word' id='word_1_152' title='bbox 1145 2746 1237 2829; x_wconf 94' lang='lat' dir='ltr'><strong>quod</strong></span> 
     </span>
     <span class='ocr_line' id='line_1_24' title="bbox 288 2844 1239 2928; baseline 0.003 -22"><span class='ocrx_word' id='word_1_153' title='bbox 288 2844 388 2908; x_wconf 90' lang='lat' dir='ltr'><strong>multi</strong></span> <span class='ocrx_word' id='word_1_154' title='bbox 412 2852 612 2927; x_wconf 88' lang='lat' dir='ltr'><strong>respuentes</strong></span> <span class='ocrx_word' id='word_1_155' title='bbox 641 2844 690 2906; x_wconf 68' lang='lat' dir='ltr'><strong>ad¹</strong></span> <span class='ocrx_word' id='word_1_156' title='bbox 709 2844 861 2927; x_wconf 88' lang='lat' dir='ltr'><strong>palmam</strong></span> <span class='ocrx_word' id='word_1_157' title='bbox 889 2845 1046 2927; x_wconf 87' lang='lat' dir='ltr'><strong>martyrii</strong></span> <span class='ocrx_word' id='word_1_158' title='bbox 1072 2864 1239 2928; x_wconf 90' lang='lat' dir='ltr'><strong>pervene-</strong></span> 
     </span>
     <span class='ocr_line' id='line_1_25' title="bbox 288 2943 1237 3028; baseline 0.001 -21"><span class='ocrx_word' id='word_1_159' title='bbox 288 2950 381 3021; x_wconf 91' lang='lat' dir='ltr'><strong>runt,</strong></span> <span class='ocrx_word' id='word_1_160' title='bbox 395 2963 459 3007; x_wconf 90' lang='lat' dir='ltr'><strong>nec</strong></span> <span class='ocrx_word' id='word_1_161' title='bbox 474 2946 538 3007; x_wconf 89' lang='lat' dir='ltr'><strong>sub</strong></span> <span class='ocrx_word' id='word_1_162' title='bbox 549 2943 698 3026; x_wconf 90' lang='lat' dir='ltr'><strong>alicujus</strong></span> <span class='ocrx_word' id='word_1_163' title='bbox 713 2943 852 3024; x_wconf 81' lang='lat' dir='ltr'><strong>gentilis</strong></span> <span class='ocrx_word' id='word_1_164' title='bbox 868 2944 1106 3025; x_wconf 86' lang='lat' dir='ltr'><strong>persecutione</strong></span> <span class='ocrx_word' id='word_1_165' title='bbox 1122 2946 1237 3028; x_wconf 90' lang='lat' dir='ltr'><strong>plures</strong></span> 
     </span>
     <span class='ocr_line' id='line_1_26' title="bbox 288 3041 1238 3127; baseline 0.001 -21"><span class='ocrx_word' id='word_1_166' title='bbox 288 3061 393 3124; x_wconf 90' lang='lat' dir='ltr'><strong>quam</strong></span> <span class='ocrx_word' id='word_1_167' title='bbox 409 3045 474 3106; x_wconf 89' lang='lat' dir='ltr'><strong>suh</strong></span> <span class='ocrx_word' id='word_1_168' title='bbox 490 3043 554 3106; x_wconf 90' lang='lat' dir='ltr'><strong>hac</strong></span> <span class='ocrx_word' id='word_1_169' title='bbox 572 3044 787 3125; x_wconf 87' lang='lat' dir='ltr'><strong>martyrizati</strong></span> <span class='ocrx_word' id='word_1_170' title='bbox 800 3043 972 3124; x_wconf 83' lang='lat' dir='ltr'><strong>leguntur.</strong></span> <span class='ocrx_word' id='word_1_171' title='bbox 1006 3041 1087 3108; x_wconf 92' lang='lat' dir='ltr'><strong>Hoc</strong></span> <span class='ocrx_word' id='word_1_172' title='bbox 1100 3064 1238 3127; x_wconf 90' lang='lat' dir='ltr'><strong>quoque</strong></span> 
     </span>
     <span class='ocr_line' id='line_1_27' title="bbox 288 3135 1238 3224; baseline 0.004 -20"><span class='ocrx_word' id='word_1_173' title='bbox 288 3160 382 3207; x_wconf 88' lang='lat' dir='ltr'><strong>anno</strong></span> <span class='ocrx_word' id='word_1_174' title='bbox 399 3135 519 3224; x_wconf 81' lang='lat' dir='ltr'><strong>²Sigar</strong></span> <span class='ocrx_word' id='word_1_175' title='bbox 541 3142 625 3219; x_wconf 84' lang='lat' dir='ltr'><strong>dux,</strong></span> <span class='ocrx_word' id='word_1_176' title='bbox 646 3142 706 3224; x_wconf 93' lang='lat' dir='ltr'><strong>qui</strong></span> <span class='ocrx_word' id='word_1_177' title='bbox 726 3143 866 3206; x_wconf 88' lang='lat' dir='ltr'><strong>beatum</strong></span> <span class='ocrx_word' id='word_1_178' title='bbox 888 3161 1004 3224; x_wconf 83' lang='lat' dir='ltr'><strong>regem</strong></span> <span class='ocrx_word' id='word_1_179' title='bbox 1026 3141 1238 3208; x_wconf 83' lang='lat' dir='ltr'><strong>Alfwoldum</strong></span> 
     </span>
     <span class='ocr_line' id='line_1_28' title="bbox 290 3240 1077 3324; baseline 0.004 -21"><span class='ocrx_word' id='word_1_180' title='bbox 290 3240 429 3324; x_wconf 81' lang='lat' dir='ltr'><strong>indigne</strong></span> <span class='ocrx_word' id='word_1_181' title='bbox 445 3250 650 3324; x_wconf 89' lang='lat' dir='ltr'><strong>peremerat,</strong></span> <span class='ocrx_word' id='word_1_182' title='bbox 668 3241 773 3323; x_wconf 84' lang='lat' dir='ltr'><strong>digno</strong></span> <span class='ocrx_word' id='word_1_183' title='bbox 791 3241 894 3324; x_wconf 87' lang='lat' dir='ltr'><strong>periit</strong></span> <span class='ocrx_word' id='word_1_184' title='bbox 911 3240 1077 3307; x_wconf 84' lang='lat' dir='ltr'><strong>cruciatu.</strong></span> 
     </span>
    </p>
   </div>
   <div class='ocr_carea' id='block_1_5' title="bbox 628 3415 908 3479">
    <p class='ocr_par' dir='ltr' id='par_1_5' title="bbox 628 3415 908 3479">
     <span class='ocr_line' id='line_1_29' title="bbox 628 3415 908 3479; baseline 0.004 -1"><span class='ocrx_word' id='word_1_185' title='bbox 628 3415 689 3478; x_wconf 81' lang='lat' dir='ltr'><strong>Leo</strong></span> <span class='ocrx_word' id='word_1_186' title='bbox 704 3416 807 3479; x_wconf 72' lang='lat' dir='ltr'><strong>Roma</strong></span> <span class='ocrx_word' id='word_1_187' title='bbox 821 3415 908 3479; x_wconf 79' lang='lat' dir='ltr'><strong>sedit.</strong></span> 
     </span>
    </p>
   </div>
   <div class='ocr_carea' id='block_1_6' title="bbox 289 3536 1239 3720">
    <p class='ocr_par' dir='ltr' id='par_1_6' title="bbox 289 3536 1239 3720">
     <span class='ocr_line' id='line_1_30' title="bbox 348 3536 1238 3623; baseline 0.002 -22"><span class='ocrx_word' id='word_1_188' title='bbox 348 3536 452 3602; x_wconf 88' lang='lat' dir='ltr'><strong>Anno</strong></span> <span class='ocrx_word' id='word_1_189' title='bbox 483 3537 624 3600; x_wconf 90' lang='lat' dir='ltr'><strong>Domini</strong></span> <span class='ocrx_word' id='word_1_190' title='bbox 662 3555 832 3602; x_wconf 84' lang='lat' dir='ltr'><strong>nccxcvr.</strong></span> <span class='ocrx_word' id='word_1_191' title='bbox 864 3537 1021 3603; x_wconf 85' lang='lat' dir='ltr'><strong>Adriano</strong></span> <span class='ocrx_word' id='word_1_192' title='bbox 1055 3558 1148 3623; x_wconf 89' lang='lat' dir='ltr'><strong>papa</strong></span> <span class='ocrx_word' id='word_1_193' title='bbox 1178 3539 1238 3603; x_wconf 89' lang='lat' dir='ltr'><strong>de·</strong></span> 
     </span>
     <span class='ocr_line' id='line_1_31' title="bbox 289 3630 1239 3720; baseline 0.004 -21"><span class='ocrx_word' id='word_1_194' title='bbox 289 3633 420 3714; x_wconf 77' lang='lat' dir='ltr'><strong>iuncto,</strong></span> <span class='ocrx_word' id='word_1_195' title='bbox 445 3630 536 3700; x_wconf 87' lang='lat' dir='ltr'><strong>³Leo</strong></span> <span class='ocrx_word' id='word_1_196' title='bbox 566 3638 732 3702; x_wconf 87' lang='lat' dir='ltr'><strong>suecessit</strong></span> <span class='ocrx_word' id='word_1_197' title='bbox 764 3638 864 3702; x_wconf 87' lang='lat' dir='ltr'><strong>annis</strong></span> <span class='ocrx_word' id='word_1_198' title='bbox 891 3639 1027 3720; x_wconf 80' lang='lat' dir='ltr'><strong>viginti,</strong></span> <span class='ocrx_word' id='word_1_199' title='bbox 1065 3640 1239 3703; x_wconf 79' lang='lat' dir='ltr'><strong>mensibus</strong></span> 
     </span>
    </p>
   </div>
   <div class='ocr_carea' id='block_1_7' title="bbox 287 3832 1239 4250">
    <p class='ocr_par' dir='ltr' id='par_1_7' title="bbox 287 3832 1239 4250">
     <span class='ocr_line' id='line_1_32' title="bbox 324 3832 1238 3905; baseline 0.007 -21"><span class='ocrx_word' id='word_1_200' title='bbox 324 3833 332 3866; x_wconf 85' lang='lat'>¹</span> <span class='ocrx_word' id='word_1_201' title='bbox 348 3837 433 3884; x_wconf 78' lang='lat' dir='ltr'><strong>Oculis</strong></span> <span class='ocrx_word' id='word_1_202' title='bbox 442 3836 571 3900; x_wconf 75' lang='lat' dir='ltr'><strong>priuauit]</strong></span> <span class='ocrx_word' id='word_1_203' title='bbox 588 3838 622 3886; x_wconf 87' lang='lat' dir='ltr'><strong>So</strong></span> <span class='ocrx_word' id='word_1_204' title='bbox 634 3837 672 3885; x_wconf 79' lang='lat' dir='ltr'><strong>sar</strong></span> <span class='ocrx_word' id='word_1_205' title='bbox 680 3837 751 3898; x_wconf 82' lang='lat' dir='ltr'><strong>Sige-</strong></span> <span class='ocrx_word' id='word_1_206' title='bbox 812 3832 932 3905; x_wconf 57' lang='lat' dir='ltr'><strong>migra]</strong></span> <span class='ocrx_word' id='word_1_207' title='bbox 945 3837 996 3887; x_wconf 86' lang='lat' dir='ltr'><strong>His</strong></span> <span class='ocrx_word' id='word_1_208' title='bbox 1007 3838 1084 3887; x_wconf 87' lang='lat' dir='ltr'><strong>death</strong></span> <span class='ocrx_word' id='word_1_209' title='bbox 1095 3840 1117 3886; x_wconf 82' lang='lat' dir='ltr'><strong>is</strong></span> <span class='ocrx_word' id='word_1_210' title='bbox 1128 3840 1238 3890; x_wconf 83' lang='lat' dir='ltr'><strong>referred</strong></span> 
     </span>
     <span class='ocr_line' id='line_1_33' title="bbox 288 3905 1239 3967; baseline 0.006 -13"><span class='ocrx_word' id='word_1_211' title='bbox 288 3905 359 3967; x_wconf 86' lang='lat' dir='ltr'><strong>hert;</strong></span> <span class='ocrx_word' id='word_1_212' title='bbox 376 3906 418 3954; x_wconf 83' lang='lat' dir='ltr'><strong>the</strong></span> <span class='ocrx_word' id='word_1_213' title='bbox 429 3907 569 3955; x_wconf 81' lang='lat' dir='ltr'><strong>remainder</strong></span> <span class='ocrx_word' id='word_1_214' title='bbox 579 3907 609 3955; x_wconf 79' lang='lat' dir='ltr'><strong>oi</strong></span> <span class='ocrx_word' id='word_1_215' title='bbox 622 3907 664 3955; x_wconf 89' lang='lat' dir='ltr'><strong>the</strong></span> <span class='ocrx_word' id='word_1_216' title='bbox 675 3906 751 3967; x_wconf 86' lang='lat' dir='ltr'><strong>chap·</strong></span> <span class='ocrx_word' id='word_1_217' title='bbox 777 3906 811 3966; x_wconf 86' lang='lat' dir='ltr'><strong>by</strong></span> <span class='ocrx_word' id='word_1_218' title='bbox 818 3906 917 3956; x_wconf 86' lang='lat' dir='ltr'><strong>Simeon</strong></span> <span class='ocrx_word' id='word_1_219' title='bbox 929 3907 980 3956; x_wconf 87' lang='lat' dir='ltr'><strong>and</strong></span> <span class='ocrx_word' id='word_1_220' title='bbox 991 3908 1033 3958; x_wconf 85' lang='lat' dir='ltr'><strong>the</strong></span> <span class='ocrx_word' id='word_1_221' title='bbox 1040 3910 1101 3958; x_wconf 81' lang='lat' dir='ltr'><strong>Su.</strong></span> <span class='ocrx_word' id='word_1_222' title='bbox 1112 3910 1204 3960; x_wconf 85' lang='lat' dir='ltr'><strong>Chmn.</strong></span> <span class='ocrx_word' id='word_1_223' title='bbox 1213 3916 1239 3960; x_wconf 90' lang='lat' dir='ltr'><strong>to</strong></span> 
     </span>
     <span class='ocr_line' id='line_1_34' title="bbox 288 3975 834 4039; baseline 0 -15"><span class='ocrx_word' id='word_1_224' title='bbox 288 3980 328 4024; x_wconf 86' lang='lat' dir='ltr'><strong>ter</strong></span> <span class='ocrx_word' id='word_1_225' title='bbox 338 3975 416 4025; x_wconf 81' lang='lat' dir='ltr'><strong>refers</strong></span> <span class='ocrx_word' id='word_1_226' title='bbox 427 3981 453 4025; x_wconf 90' lang='lat' dir='ltr'><strong>to</strong></span> <span class='ocrx_word' id='word_1_227' title='bbox 464 3976 505 4024; x_wconf 84' lang='lat' dir='ltr'><strong>the</strong></span> <span class='ocrx_word' id='word_1_228' title='bbox 522 3977 710 4039; x_wconf 87' lang='lat' dir='ltr'><strong>imprisonment</strong></span> <span class='ocrx_word' id='word_1_229' title='bbox 726 3976 755 4024; x_wconf 81' lang='lat' dir='ltr'><strong>of</strong></span> <span class='ocrx_word' id='word_1_230' title='bbox 777 3979 834 4024; x_wconf 73' lang='lat' dir='ltr'><strong>we.</strong></span> 
     </span>
     <span class='ocr_line' id='line_1_35' title="bbox 287 4042 1239 4109; baseline 0.006 -15"><span class='ocrx_word' id='word_1_231' title='bbox 287 4045 314 4094; x_wconf 84' lang='lat' dir='ltr'><strong>S.</strong></span> <span class='ocrx_word' id='word_1_232' title='bbox 326 4046 434 4106; x_wconf 86' lang='lat' dir='ltr'><strong>Stephen</strong></span> <span class='ocrx_word' id='word_1_233' title='bbox 451 4046 493 4095; x_wconf 90' lang='lat' dir='ltr'><strong>the</strong></span> <span class='ocrx_word' id='word_1_234' title='bbox 510 4061 622 4109; x_wconf 79' lang='lat' dir='ltr'><strong>younger</strong></span> <span class='ocrx_word' id='word_1_235' title='bbox 639 4046 673 4106; x_wconf 85' lang='lat' dir='ltr'><strong>hy</strong></span> <span class='ocrx_word' id='word_1_236' title='bbox 685 4044 751 4094; x_wconf 92' lang='lat' dir='ltr'><strong>Con·</strong></span> <span class='ocrx_word' id='word_1_237' title='bbox 811 4042 903 4108; x_wconf 53' lang='lat' dir='ltr'><strong>mea]</strong></span> <span class='ocrx_word' id='word_1_238' title='bbox 927 4045 969 4094; x_wconf 88' lang='lat' dir='ltr'><strong>He</strong></span> <span class='ocrx_word' id='word_1_239' title='bbox 980 4046 1041 4094; x_wconf 85' lang='lat' dir='ltr'><strong>died</strong></span> <span class='ocrx_word' id='word_1_240' title='bbox 1053 4051 1081 4094; x_wconf 94' lang='lat'><strong>11</strong></span> <span class='ocrx_word' id='word_1_241' title='bbox 1094 4047 1164 4097; x_wconf 83' lang='lat' dir='ltr'><strong>June</strong></span> <span class='ocrx_word' id='word_1_242' title='bbox 1181 4053 1239 4100; x_wconf 82' lang='grc'><strong>816.</strong></span> 
     </span>
     <span class='ocr_line' id='line_1_36' title="bbox 287 4113 1238 4177; baseline 0.006 -15"><span class='ocrx_word' id='word_1_243' title='bbox 287 4115 397 4163; x_wconf 81' lang='lat' dir='ltr'><strong>stantiae</strong></span> <span class='ocrx_word' id='word_1_244' title='bbox 405 4116 579 4177; x_wconf 78' lang='lat' dir='ltr'><strong>Copronymns</strong></span> <span class='ocrx_word' id='word_1_245' title='bbox 591 4118 681 4165; x_wconf 72' lang='lat' dir='ltr'><strong>inm.</strong></span> <span class='ocrx_word' id='word_1_246' title='bbox 702 4115 750 4164; x_wconf 85' lang='lat' dir='ltr'><strong>See</strong></span> <span class='ocrx_word' id='word_1_247' title='bbox 777 4113 827 4162; x_wconf 82' lang='lat' dir='ltr'><strong>His</strong></span> <span class='ocrx_word' id='word_1_248' title='bbox 839 4117 968 4163; x_wconf 86' lang='lat' dir='ltr'><strong>accession</strong></span> <span class='ocrx_word' id='word_1_249' title='bbox 983 4116 1075 4165; x_wconf 82' lang='lat' dir='ltr'><strong>should</strong></span> <span class='ocrx_word' id='word_1_250' title='bbox 1092 4117 1157 4166; x_wconf 86' lang='lat' dir='ltr'><strong>have</strong></span> <span class='ocrx_word' id='word_1_251' title='bbox 1174 4120 1238 4168; x_wconf 86' lang='lat' dir='ltr'><strong>been</strong></span> 
     </span>
     <span class='ocr_line' id='line_1_37' title="bbox 290 4183 1213 4250; baseline 0.009 -19"><span class='ocrx_word' id='word_1_252' title='bbox 290 4183 539 4250; x_wconf 76' lang='lat' dir='ltr'><strong>Pagi,adan.§16.</strong></span> <span class='ocrx_word' id='word_1_253' title='bbox 775 4183 985 4234; x_wconf 86' lang='lat' dir='ltr'><strong>includedinthe</strong></span> <span class='ocrx_word' id='word_1_254' title='bbox 993 4187 1133 4250; x_wconf 84' lang='lat' dir='ltr'><strong>preceding</strong></span> <span class='ocrx_word' id='word_1_255' title='bbox 1143 4203 1213 4248; x_wconf 84' lang='lat' dir='ltr'><strong>year.</strong></span> 
     </span>
    </p>
   </div>
   <div class='ocr_carea' id='block_1_8' title="bbox 0 0 1450 4852">
    <p class='ocr_par' dir='ltr' id='par_1_8' title="bbox 0 0 1450 4852">
     <span class='ocr_line' id='line_1_38' title="bbox 0 0 1450 4852; baseline 0 0"><span class='ocrx_word' id='word_1_256' title='bbox 0 0 1450 4852; x_wconf 95' lang='lat' dir='ltr'><strong> </strong></span> 
     </span>
    </p>
   </div>
  </div>
 </body>
</html>
