2888 4852
437 429 577 479 anonas
600 429 869 481 ursronmnuu.
1063 418 1125 483 131

176 594 266 650 trum
297 587 475 670 appendit,
512 594 547 650 et
587 586 801 651 Britanniam
836 587 977 650 veniens
1002 608 1124 655 versus

176 685 383 763 Eboracum,
409 687 467 750 ubi
496 685 700 751 Eadwiuum
732 685 874 764 sciebat,
903 691 1121 772 properabat.

177 785 227 851 Ut
251 787 361 869 igitur
383 787 560 850 civitatem
587 786 764 867 ingressus
791 794 844 851 est
870 789 1058 854 associavit
1085 811 1123 856 se

175 888 398 969 pauperibus
425 886 486 968 qui
519 894 601 950 ante
628 885 772 970 januam
807 887 899 969 regis
931 887 1121 973 eleemosy-

177 1004 257 1050 nam
276 987 532 1070 expectabant3
561 994 665 1050 eunte
685 992 801 1050 autem
824 1006 865 1052 eo
887 997 924 1052 et
946 988 1122 1068 redeunte,

175 1105 317 1168 egressa
333 1094 387 1151 est
406 1105 505 1150 soror
525 1085 601 1170 ejus
623 1087 667 1151 ab
688 1087 769 1150 aula
784 1086 914 1152 habens
936 1089 1063 1171 pelvim
1086 1091 1122 1154 in

175 1204 292 1264 mann
312 1193 353 1251 nt
377 1204 504 1270 aquam
529 1187 658 1268 reginae
676 1186 796 1252 usibus
819 1188 1031 1270 adportaret,
1047 1187 1122 1276 (ra-

175 1293 301 1369 puerat
315 1305 464 1370 namque
478 1305 555 1350 eam
573 1286 760 1351 Eadwinus
784 1287 821 1350 in
841 1289 924 1352 urbe
939 1288 1123 1371 Wigornia

176 1385 259 1449 dum
275 1393 356 1470 post
369 1386 489 1468 sagam
508 1384 741 1451 cadwallonis
756 1406 818 1469 per
833 1389 1030 1471 provincias
1045 1390 1123 1454 Bri-

174 1493 295 1550 tanum
321 1483 533 1570 desaeviret)
560 1505 638 1569 quae
669 1486 811 1551 fratrem
836 1487 928 1551 inter
953 1507 1122 1572 pauperes

173 1605 400 1668 eoguoseens,
416 1587 531 1651 timuit
548 1605 591 1650 ne
607 1587 652 1650 ab
669 1586 786 1670 aliquo
805 1587 964 1669 cognitus
980 1589 1024 1652 ab
1042 1589 1122 1653 has·

175 1686 269 1751 tibus
302 1693 504 1770 caperetur3
537 1687 705 1751 indicavit
735 1706 819 1768 ergo
846 1687 946 1751 fratri
972 1688 1122 1755 breviter

174 1794 305 1851 statum
319 1786 423 1851 curiae
436 1795 472 1851 et
485 1806 627 1868 magum
641 1807 743 1870 quem
758 1789 948 1869 quaerebat,
964 1788 1024 1871 qui
1037 1797 1121 1853 tunc

174 1886 265 1951 forte
291 1887 382 1952 inter
403 1906 573 1971 pauperes
596 1886 851 1951 deambulabat.
904 1887 1016 1952 Porro
1042 1889 1122 1952 Bri·

174 2005 261 2051 enus
290 2006 442 2052 sororem
472 2006 722 2069 recognoscens
752 1987 929 2070 praecepit,
955 1995 996 2051 ut
1021 1997 1122 2053 nocte

175 2088 334 2170 sequenti
362 2086 481 2151 furtim
512 2086 691 2169 egrediens
719 2087 853 2150 veniret
885 2087 929 2150 ad
966 2107 1044 2151 eum
1077 2090 1122 2153 ad

175 2187 349 2270 quoddam
374 2194 476 2251 vetus
501 2187 668 2269 templum
690 2195 792 2251 extra
814 2187 945 2264 urbem,
968 2188 1027 2251 ubi
1048 2189 1123 2271 ipse

175 2287 363 2352 adventum
386 2287 463 2372 ejas
485 2292 707 2370 expectaret3
741 2285 865 2350 deinde
888 2286 931 2350 ad
954 2307 1123 2371 pauperes

175 2387 312 2451 rediens
328 2386 424 2452 venit
447 2388 491 2451 ad
514 2386 627 2452 locum
653 2387 712 2451 ubi
739 2385 888 2451 Pellitus
913 2387 991 2451 illos
1014 2387 1122 2452 collo-

173 2487 290 2553 cabat.
342 2487 419 2552 Nec
441 2505 550 2566 mora,
575 2487 688 2551 erexit
712 2485 912 2562 burdonem,
934 2506 1035 2570 quem
1058 2489 1123 2551 sub

175 2595 315 2671 pectore
329 2588 424 2670 magi
439 2587 586 2670 infigens
609 2586 705 2650 illum
722 2586 888 2669 peremit3
911 2594 948 2650 et
962 2587 1123 2651 baculum

176 2688 213 2751 in
242 2695 370 2753 terram
396 2687 595 2772 projiciens,
624 2685 714 2750 inter
739 2694 884 2751 eaeteros
909 2686 1059 2763 delituit,
1088 2696 1123 2752 et

177 2787 263 2851 nulli
294 2789 507 2853 adstantium
536 2794 717 2869 suspectus
739 2786 783 2850 ad
806 2785 954 2868 praefata
977 2786 1124 2851 latibula

176 2889 347 2970 pervenit.
396 2887 503 2953 Soror
522 2895 637 2951 autem
665 2886 742 2969 ejus
770 2892 871 2951 nocte
894 2885 983 2950 clam
1007 2888 1125 2969 egredi

177 2988 310 3065 volens,
341 3007 409 3052 non
432 2987 558 3071 patuit,
591 2987 797 3058 turbabatur
821 2986 912 3050 enim
936 2987 1033 3050 curia
1049 2994 1126 3052 tota

177 3108 241 3172 pro
262 3096 372 3153 morte
388 3087 518 3164 Pelliti,
543 3085 633 3150 unde
648 3084 773 3168 vigiles
795 3086 887 3149 circa
908 3087 1039 3150 curiam
1062 3107 1125 3152 rex

178 3188 260 3271 poni
277 3187 452 3271 praecepit.
503 3184 554 3250 At
570 3187 732 3263 Brienus‚
746 3205 922 3250 nemorum
936 3187 1126 3251 densitates

177 3296 377 3371 penetrans,
398 3286 440 3352 ad
459 3287 631 3352 Exoniam
653 3287 822 3371 pervenit,
845 3286 903 3349 ubi
925 3287 1127 3350 convocatis

180 3388 394 3466 Britonibus,
422 3407 501 3470 quae
526 3387 656 3452 lacerat
680 3386 865 3462 narravit;
904 3393 941 3449 at
967 3386 1019 3449 illi
1043 3386 1127 3450 civi·

178 3496 285 3554 tatem
301 3489 508 3564 munientes,
522 3487 710 3551 adventum
721 3484 955 3550 Cadwallauis
973 3505 1049 3549 cum
1067 3486 1128 3551 lae·

178 3589 257 3653 titia
270 3590 514 3672 expectabant.
567 3587 635 3651 His
648 3589 766 3669 itaque
783 3606 844 3667 per
861 3592 970 3649 tutam
989 3586 1128 3650 Britan·
1143 3611 1265 3651 arearu-

179 3688 272 3752 niam
290 3689 491 3770 divulgatis
506 3687 628 3752 Penda
640 3706 702 3750 rex
716 3686 924 3749 Merciorum
937 3705 1014 3749 cum
1032 3706 1128 3750 max·
1141 3661 1246 3756 'iiiiii'

179 3789 250 3852 ima
261 3787 481 3852 multitudine
493 3787 670 3853 Saxonum
681 3780 787 3851 ¹venit
798 3786 982 3870 Exoniam,
997 3793 1033 3850 et
1051 3788 1128 3851 Bri·

180 3908 282 3952 euum
296 3889 441 3952 obsedit.

216 4131 225 4164 ¹
252 4133 326 4184 Venit
349 4125 494 4199 Eretriam]
523 4128 641 4189 Geod‘rey
667 4127 760 4191 thority
780 4127 819 4177 sor
837 4128 879 4177 the
899 4129 968 4189 siege
988 4127 1017 4175 ol
1031 4126 1133 4174 Exeter.

181 4219 289 4267 appears
307 4203 362 4253 alsa
381 4206 407 4250 to
424 4202 456 4250 be
474 4201 516 4251 the
528 4198 587 4261 only
598 4214 644 4248 au·
668 4199 713 4249 xii.
725 4202 750 4249 7.

985 4294 1029 4338 κ2
