2888 4852
422 442 560 492 rnouus
588 442 858 492 msroumuou.
1046 429 1113 493 395

162 600 316 666 ecclesiae
336 601 556 666 fidelissimus
579 603 699 681 abbas,
716 610 751 667 et
767 602 797 666 si
813 602 895 686 qnid
914 603 977 667 tibi
995 604 1113 667 defue-

163 703 209 766 rit
228 702 272 765 ad
295 710 426 766 sanctae
447 702 623 784 religionis
640 703 930 786 supplementum,
947 723 1013 785 ego
1028 703 1113 767 illud

162 803 258 885 regia
281 802 444 884 largitate
472 802 664 886 supplebo:
715 803 841 885 Sicque
863 803 946 867 licet
968 804 1114 866 multum

163 905 315 968 renitens
330 904 452 967 beatus
469 904 687 979 Dunstauus,
702 903 746 966 ad
765 902 913 967 officium
938 903 1114 986 regiminis

163 1022 185 1065 a
200 1003 276 1068 Deo
291 1011 448 1080 vocatus,
471 1004 629 1067 omnibus
656 1022 694 1067 se
716 1004 863 1081 studuit,
879 1003 977 1068 salvo
1001 1003 1115 1086 rigore

163 1102 352 1185 religionis,
366 1103 548 1167 amabilem
563 1102 739 1167 exhibere.

252 1274 293 1339 Ut
307 1295 361 1338 raa
375 1273 582 1339 Eadmuadcm
595 1285 623 1340 et
638 1297 693 1340 rea
707 1276 879 1362 Norwepiae
893 1275 1036 1361 dolosas

482 1396 608 1460 regnam
623 1374 796 1440 diederici.

216 1497 394 1561 Circaeos
415 1497 488 1561 dies
509 1491 690 1576 ¹Anlafus,
708 1519 833 1581 genere
850 1499 884 1563 N
887 1501 1114 1582 orwigiensis,
1127 1518 1268 1559 buranam

165 1599 224 1679 qui
239 1605 392 1680 tempore
418 1598 510 1680 regis
531 1598 726 1662 Ethelstani
748 1600 790 1663 de
812 1619 919 1681 regno
936 1570 1262 1665 Northan-llllfffl‘·

166 1697 387 1761 humbrorum
412 1698 544 1781 ejectus
582 1697 707 1775 fuerat,
736 1698 803 1763 hoc
830 1717 934 1776 anno,
962 1701 1114 1766 maximo

165 1799 350 1862 comitatus
387 1798 540 1880 navigio,
574 1798 768 1862 Eboracum
807 1798 953 1880 petivit;
991 1800 1115 1865 deinde

166 1898 337 1962 australes
355 1895 494 1980 angliae
517 1905 634 1980 partes
658 1897 830 1963 hostiliter
851 1897 982 1976 adiens,
1000 1901 1115 1966 subito

165 1998 231 2060 sibi
246 2017 390 2080 regnum
406 1998 545 2079 Angliae
563 1998 751 2081 subjugare
774 1999 956 2081 disposuit.
1010 1999 1114 2064 Cum·

165 2117 232 2181 que
255 2099 329 2162 haec
351 2100 425 2181 regi
443 2098 647 2163 Eadmundo
665 2100 826 2164 nuntiata
844 2098 1003 2178 fuissent,
1019 2100 1115 2165 venit

167 2198 199 2260 ei
222 2198 360 2262 obviam
384 2219 461 2263 cum
484 2199 638 2263 exercitu
664 2200 806 2282 copioso
828 2207 863 2263 et
885 2199 977 2281 apud
1005 2199 1230 2283 Lege-namu

167 2299 328 2362 cestriam
354 2298 422 2362 duo
447 2318 546 2381 reges
571 2297 743 2364 hostiliter
766 2307 1021 2377 concurrentes,
1037 2271 1237 2382 plu-hm

168 2398 254 2460 rima
271 2399 339 2462 diei
354 2405 466 2481 parte,
482 2399 685 2463 damnosum
707 2399 808 2463 nimis
826 2399 905 2464 hinc
923 2398 1003 2463 inde
1024 2419 1114 2481 prae-

166 2497 248 2559 lium
278 2499 541 2576 commiserunt3
567 2499 628 2562 sed
654 2499 722 2564 duo
744 2499 1005 2582 archiepiscopi,
1021 2500 1115 2565 Otho

167 2596 428 2662 Cantuariensis
465 2605 501 2663 et
531 2598 714 2662 Wlstauus
759 2598 1000 2677 Eboracensis,
1039 2601 1115 2664 viso

166 2698 327 2780 utrinque
361 2698 513 2780 periculo
551 2705 587 2761 et
615 2699 712 2779 regni
753 2698 969 2776 exterminio,
1009 2698 1115 2764 talem

167 2797 335 2862 intereos
358 2797 576 2862 concordiam
603 2805 882 2879 composuerunt,
908 2796 1115 2877 utflAnlafus

168 2904 275 2960 totam
288 2897 428 2979 Angliae
438 2897 585 2961 insulam
598 2897 642 2960 ad
656 2896 829 2960 borealem
842 2896 980 2980 plagam
994 2906 1115 2963 stratae

167 2997 285 3078 regiae,
313 3015 392 3079 quae
422 2997 602 3079 Watlinge
635 2997 772 3074 dicitur,
795 2997 999 3079 possideret,
1022 2999 1115 3063 Ead-

167 3098 315 3161 mundus
338 3116 420 3161 vero
445 3096 488 3159 ad
513 3097 700 3161 australem
732 3097 886 3180 ejusdem
914 3097 1012 3161 callis
1036 3118 1116 3180 par-

166 3205 235 3261 tem
262 3206 336 3262 toto
363 3217 471 3279 regno
496 3197 638 3278 pacifice
661 3199 843 3275 frueretur,
871 3205 918 3274 et,
943 3198 1003 3279 qui
1025 3199 1116 3263 iuter

166 3317 224 3362 cos
242 3299 349 3362 vitam
364 3299 504 3363 duceret
517 3297 718 3382 longiorem,
741 3317 884 3380 regnum
908 3305 1018 3362 toturn
1036 3307 1116 3383 post

166 3406 309 3463 mortem
327 3399 469 3463 alterius
486 3407 682 3480 occuparet.
734 3398 872 3463 Deinde
887 3397 1035 3463 Anlafus
1050 3398 1115 3488 Al·

166 3501 309 3578 ditham,
334 3493 451 3564 ²0rmi
474 3498 611 3562 comitis
638 3499 756 3577 liliam,
784 3499 936 3581 suscepit
958 3519 1115 3578 uxorem,

202 3754 325 3816 ¹Aniafuc
333 3757 629 3822 genere.]'1'hecompaet
654 3756 751 3818 Danes,
772 3757 914 3805 mentioned
932 3756 959 3805 in
980 3755 1023 3805 the
1045 3756 1117 3805 chro-

166 3827 259 3889 agreed
278 3841 344 3887 upon
363 3830 476 3878 between
494 3826 628 3876 Eadmund
654 3826 718 3876 niele
729 3826 759 3875 ol
774 3826 867 3876 Petrus
878 3825 961 3875 olaus
977 3842 1006 3876 as
1023 3826 1116 3889 having

166 3895 315 3958 uudAnlas,
326 3898 446 3946 recorded
457 3899 483 3946 iu
494 3896 629 3958 thischap·
655 3896 703 3945 lost
726 3896 853 3959 Englund,
873 3896 957 3945 which
974 3897 1014 3945 his
1033 3895 1117 3945 father

167 3975 214 4029 ter,
233 3969 256 4014 is
272 3966 350 4015 found
367 3968 421 4015 ulso
443 3968 469 4014 in
487 3968 587 4016 Simeon
603 3966 633 4015 ol
654 3965 756 4028 Frotho,
766 3966 824 4016 who
835 3966 886 4015 had
903 3967 958 4016 also
974 3967 1036 4015 been
1053 3967 1118 4029 bap-

168 4037 284 4087 Dnrham
312 4036 363 4086 and
397 4036 439 4085 the
469 4035 561 4088 Chron.
596 4036 629 4086 de
655 4036 722 4086 tized
749 4037 829 4098 there,
856 4036 906 4085 had
935 4034 995 4084 held
1021 4042 1116 4099 twenty

168 4109 283 4158 ltlailros.
654 4122 736 4167 years.
773 4105 1010 4168 CompareScriptt.
1023 4106 1117 4157 Rerum

203 4178 213 4207 ²
234 4177 304 4227 Ormi
314 4177 335 4240 ,·]
360 4177 480 4238 probably
499 4177 542 4226 the
560 4192 629 4226 sume
656 4177 820 4240 Dunicamm,
831 4177 873 4228 ed.
883 4176 1031 4239 Laugebeh,
1041 4177 1060 4227 i.
1072 4192 1116 4241 pp.

169 4250 231 4299 with
245 4249 322 4299 Gonu
336 4246 470 4311 Anglicus,
480 4247 543 4310 king
552 4247 629 4297 nithe
657 4251 713 4309 115,
723 4250 780 4296 2³1.
