2888 4852
346 409 413 474 206
603 426 737 475 noonm
763 427 810 475 nn
833 427 1040 476 wnunovnu

347 583 698 667 Constantinopolim,
714 592 750 648 et
766 583 928 649 Tiberius
945 585 1037 648 lilius
1050 583 1126 667 ejus
1140 603 1218 647 cum
1235 604 1297 663 eo;

349 677 582 749 ¹Justinianus
614 685 704 749 enim
733 685 856 767 [erat],
880 685 940 766 qui
965 684 1106 748 nimiam
1136 683 1172 746 in
1204 685 1298 747 cives
1379 697 1385 705 ·

348 783 428 847 illos
439 783 657 866 tyrannidem
676 792 892 861 exercuerat,
903 784 1030 868 jubens
1045 783 1165 846 urhem
1179 802 1296 847 eorum

349 883 442 945 arari
464 889 499 946 et
521 882 558 946 in
584 884 820 965 pavimentum
843 883 944 961 illidi,
968 902 1009 948 eo
1037 882 1130 964 quod
1153 882 1198 945 ad
1220 883 1296 967 ejus

348 979 600 1063 depositionem
630 983 927 1066 conspiraverant,
959 992 999 1047 ut
1021 980 1181 1064 superius
1209 982 1297 1045 rela-

348 1086 423 1145 tum
436 1088 501 1145 est.

379 1252 582 1338 Philippicas
595 1252 752 1317 hereticus
766 1253 942 1317 Rmuouam
956 1252 1074 1317 iuocril
1088 1250 1263 1336 imperitae.

396 1378 502 1448 Anno
527 1381 650 1462 gratioe
677 1396 833 1444 ocoxur.
859 1378 1075 1462 Philippicas
1100 1378 1296 1442 Romemm

345 1479 515 1551 invadens
531 1480 713 1564 imperium
731 1480 822 1563 apud
837 1477 1090 1543 Chersonesum
1107 1496 1297 1561 purpuram

347 1581 494 1662 accepit,
509 1573 695 1663 ²ennisque
717 1579 851 1643 duobus
877 1579 1071 1660 imperavit.
1125 1576 1196 1640 Hic
1217 1595 1296 1639 cum

346 1685 439 1742 esset
470 1678 666 1755 haereticus,
695 1677 837 1761 Cyrum,
870 1676 1295 1759 constantinopolitanum

346 1777 558 1861 episcopum,
574 1778 680 1841 exilio
707 1777 888 1858 relegavit,
903 1783 939 1841 et
954 1776 1071 1859 posuit
1086 1776 1122 1839 in
1138 1775 1219 1839 sede
1234 1774 1295 1838 illa

347 1877 518 1957 quendam
540 1895 614 1940 suae
641 1877 814 1959 opinionis
844 1873 1210 1958 pseudo-monachum,
1232 1893 1296 1938 no·

347 1975 440 2039 mine
460 1975 671 2040 Johannem.
723 1975 806 2061 Ipse
825 1994 907 2042 vero
932 1974 1146 2057 Philippicas
1173 1973 1297 2038 Romae

348 2074 579 2139 Constantino
603 2093 704 2157 papae
725 2074 844 2139 literas
867 2074 967 2157 pravi
993 2073 1165 2156 dogmatis
1189 2073 1296 2136 desti·

347 2174 457 2257 namt,
482 2193 569 2257 quas
593 2175 646 2238 vir
670 2182 812 2238 sanctus
835 2173 979 2239 consilio
1001 2171 1152 2237 Romani
1175 2172 1295 2255 populi

346 2291 525 2355 respuens,
542 2273 706 2356 praecepit
720 2292 763 2337 ne
776 2273 853 2357 ejus
867 2292 992 2337 nomen
1006 2273 1042 2336 in
1059 2271 1165 2336 cartis
1187 2290 1294 2354 pone-

347 2379 454 2450 retur,
470 2380 533 2437 aut
552 2392 703 2455 pensura
720 2372 909 2437 solidorum
925 2373 1146 2455 reciperetur,
1163 2379 1225 2435 aut
1250 2371 1295 2434 ad

345 2471 528 2536 missarum
545 2473 713 2536 solemnia
728 2472 944 2537 recitaretur.

572 2645 623 2708 Dc
635 2651 738 2708 coacto
756 2641 908 2707 Galliaco
923 2641 1080 2708 dermite.

395 2764 501 2832 Anno
526 2767 650 2849 gratiae
672 2783 819 2831 ocoxrv.
843 2774 985 2830 sanctus
999 2759 1215 2830 ³Guthlucus
1237 2763 1296 2828 he·

346 2868 470 2931 remita
485 2867 577 2950 apud
594 2866 759 2931 Croiland
780 2866 817 2929 in
838 2865 965 2948 palude
980 2864 1071 2929 diem
1092 2864 1218 2928 clausit
1232 2883 1294 2929 ex·

345 2973 504 3031 tremum.
557 2965 629 3030 Hic
660 2966 703 3030 de
729 2966 837 3047 stirpe
861 2984 930 3029 non
957 2963 1101 3046 ignobili
1128 2963 1295 3044 originem

345 3064 487 3144 ducens,
514 3064 695 3147 utriusque
720 3065 875 3148 parentis
901 3070 1082 3128 stemmate
1108 3064 1294 3145 praeclarus

345 3165 505 3245 refulsit5
549 3184 651 3247 quem
680 3165 762 3228 dum
794 3172 947 3247 tempore
978 3162 1171 3239 Athelredi,
1203 3163 1294 3244 regis

346 3263 567 3341 Muciorum,
582 3272 693 3328 mater
709 3263 855 3346 gravida
871 3263 1000 3328 mundo
1013 3262 1203 3345 profundit,
1220 3280 1294 3325 ma-

345 3383 410 3427 nus
432 3363 591 3446 quaedam
615 3364 712 3427 rubei
735 3363 858 3428 nitoris
880 3362 1060 3444 effulgens,
1080 3361 1123 3424 ad
1146 3380 1295 3438 crucem,

344 3481 424 3545 quoe
451 3471 533 3527 ante
558 3463 685 3527 ostium
710 3463 832 3527 domus
859 3480 1037 3545 puerperae
1063 3462 1191 3538 stabat,
1213 3480 1295 3542 por·

344 3570 441 3626 recta
467 3563 512 3626 ab
528 3561 656 3626 aethere
671 3562 873 3642 videbatur;
897 3560 997 3646 cujus
1019 3559 1176 3624 miraculi
1197 3578 1295 3642 mag-

345 3661 466 3727 nitudo
489 3662 815 3726 mediterraneorum
837 3662 1001 3726 terminos
1027 3659 1236 3723 Merciorum
1257 3660 1295 3723 in

380 3849 581 3919 mutuum]
608 3855 662 3904 'l’he
681 3854 758 3904 death
781 3855 810 3903 ol
868 3851 1048 3916 'Gathlcmd
1066 3853 1109 3901 He
1128 3851 1188 3900 died
1204 3866 1237 3900 on
1254 3852 1296 3902 the

344 3924 475 3974 Justinian
485 3924 807 3975 and'l'iberiusierelerred
834 3923 892 3972 ruh
901 3924 985 3985 April,
993 3921 1160 3984 accordingto
1168 3922 1297 3973 llorenoe.

344 3994 378 4055 hy
398 3993 465 4056 Pagi
484 3999 510 4044 to
529 3994 571 4044 the
595 3996 713 4057 previous
732 4009 807 4057 γους
832 3994 879 4042 See
895 3993 935 4043 hie
952 3992 997 4042 lise
1014 3992 1048 4053 hy
1060 3992 1170 4053 Felix,a
1187 3997 1296 4041 contem·

344 4063 379 4112 ad
389 4079 430 4114 an.
442 4067 501 4126 lll,
512 4062 524 4130 5
537 4069 561 4115 ³.
832 4078 934 4125 porary,
950 4064 977 4111 in
988 4063 1047 4111 Act.
1058 4062 1104 4111 SS.
1119 4061 1202 4122 April.
1222 4061 1249 4113 ii.
1267 4077 1295 4123 p.

378 4127 650 4203 ‘Auniequduolu.]
671 4133 745 4185 From
764 4133 806 4183 the
832 4136 874 4195 ⁸8,
895 4133 959 4181 lrom
977 4131 1061 4180 which
1081 4131 1224 4181 Wendorer
1248 4130 1296 4180 has

343 4201 487 4254 endollll
500 4208 595 4256 tolla.
831 4201 1130 4264 abridgedhieaccount.
