2888 4852
384 510 392 520 ἱ
433 442 572 493 enonas
595 443 866 495 maronianum
1054 431 1127 497 eol.

172 598 352 662 Danornm
390 601 569 667 innumera
605 602 803 680 multitudo,
839 605 985 687 quorum
1016 604 1120 670 duces
1133 627 1266 668 ememor

171 698 311 762 fuerunt
337 693 504 783 ¹Ynguar
531 710 568 766 et
596 702 739 780 Hubba,
768 703 852 766 dirae
883 705 1121 786 perversitatis
1131 679 1275 779 diii&

172 796 327 862 homines
345 808 380 864 et
395 800 606 866 fortitudinis
621 802 811 880 inauditae3
835 803 894 886 qui
911 805 1018 868 totius
1035 805 1121 868 lines
1132 778 1190 819 hm

171 894 311 979 Angliae
336 900 373 962 in
396 902 639 965 exterminium
664 901 834 966 adducere
858 911 1038 981 conanteS,
1055 924 1120 987 pu·

173 1016 250 1061 eros
280 1006 316 1063 et
343 1019 444 1064 senes
469 1020 625 1084 quosque
651 1002 717 1065 sibi
749 1002 870 1065 obvios
896 1002 1120 1086 jugulabant,

172 1105 417 1182 matronasque
450 1100 728 1166 sanctimoniales
758 1121 819 1164 seu
846 1101 998 1183 virgines
1031 1103 1120 1167 ludi·

172 1197 247 1259 brio
264 1198 450 1262 tradendas
472 1199 692 1265 mandabant.
739 1200 896 1284 Cumque
919 1220 981 1284 per
1001 1221 1120 1271 omnes

171 1315 355 1378 regnorum
373 1298 459 1362 fines
476 1306 576 1364 tanta
593 1308 818 1384 tyrannorum
838 1301 1036 1364 immanitas
1049 1302 1121 1365 dis·

172 1397 342 1460 seminata
364 1397 498 1477 brissei,
517 1398 626 1476 Ehba,
643 1406 767 1462 sancta
782 1398 1120 1481 collinghanmensie

172 1496 320 1559 coenobii
336 1498 525 1575 abbatissa,
544 1507 700 1562 metuens
724 1518 767 1561 ne
788 1505 824 1561 et
843 1499 932 1580 ipsa,
947 1500 1003 1563 cui
1020 1501 1121 1564 ‘solli-

172 1595 290 1659 citudo
314 1597 491 1678 regiminis
511 1605 547 1661 et
564 1617 647 1661 cura
661 1597 847 1680 pastoralis
868 1599 1053 1662 commissa
1065 1599 1121 1664 fu-

172 1701 259 1771 erat,
273 1715 350 1759 cum
367 1696 433 1760 sibi
457 1696 623 1780 subjectis
637 1697 827 1779 virginibus
842 1696 990 1762 ludibrio
1008 1697 1120 1763 trade-

172 1801 268 1857 retur
291 1815 517 1878 paganorum,
534 1804 572 1860 ut
596 1796 797 1879 pudicitiam
823 1797 997 1861 amitteret
1013 1798 1120 1880 virgi·

171 1894 296 1971 nalem,
327 1896 527 1959 convocatis
553 1895 728 1960 sororibus
758 1895 794 1958 in
823 1897 1012 1979 capitulum
1042 1898 1120 1961 uni·

170 1994 293 2071 versis,
316 1994 351 2057 in
375 1994 463 2058 hanc
479 2014 600 2058 vocem
616 1995 775 2078 prorupit
790 1994 919 2072 dicens,
937 1993 1120 2061 ‘Advene-

172 2101 253 2156 runt
267 2096 400 2176 nuper,’
414 2095 539 2177 inquit,
557 2094 622 2159 ‘ad
637 2102 754 2176 partes
768 2102 905 2158 nostras
921 2097 1047 2178 pagani
1060 2115 1121 2160 ne·

171 2193 328 2275 quissimi
357 2202 392 2258 et
419 2194 526 2258 totius
548 2193 773 2258 humanitatis
801 2194 926 2275 ignari,
958 2195 1018 2277 qui
1040 2194 1118 2260 loca

171 2293 321 2373 regionis
345 2292 452 2377 hujus
473 2294 610 2374 singula
640 2293 902 2376 perlustrantes,
930 2313 992 2358 nec
1016 2296 1118 2359 sexui

172 2391 330 2455 muliebri
351 2413 414 2458 nec
437 2393 660 2476 parvulorum
683 2391 820 2476 quidem
845 2401 994 2476 parcunt
1008 2395 1118 2473 aetati,

170 2491 334 2555 ecclesias
349 2502 384 2557 et
399 2512 564 2575 personas
579 2493 831 2557 ecclesiasticas
842 2493 1036 2571 destruunt,
1051 2493 1118 2558 soe·

168 2591 280 2654 minas
305 2593 584 2656 sanctimoniales
615 2593 839 2674 prostituunt,
865 2600 901 2656 et
925 2593 1029 2657 obvia
1050 2593 1117 2657 sibi

172 2709 319 2773 quaeque
345 2691 554 2756 conterendo
583 2698 807 2770 consumunt3
839 2693 958 2774 itaque
981 2693 1012 2755 si
1034 2711 1116 2756 con·

170 2790 257 2853 siliis
277 2791 362 2854 meis
383 2791 603 2873 adquiescere
623 2790 855 2866 decreveritis,
873 2810 970 2874 spem
986 2799 1116 2855 certam

168 2890 211 2953 de
234 2890 416 2954 clementia
440 2891 558 2954 divina
586 2889 754 2973 concipio,
779 2889 870 2972 quod
892 2898 928 2954 et
951 2891 1121 2954 barbaro-1

170 3009 246 3052 rum
269 2991 397 3054 rabiem
413 2990 563 3072 effugere
578 2990 781 3066 valebimuS,
799 2996 835 3053 et
856 2997 1032 3072 perpetuae
1046 2990 1115 3053 vir-

171 3089 327 3170 ginitatis
358 3088 557 3173 pudicitiam
589 3088 786 3153 custodire.’
837 3086 903 3152 Cui
935 3106 1013 3151 cum
1038 3089 1115 3152 uni-

171 3207 272 3252 versa
287 3190 459 3271 virginum
474 3188 698 3270 congregatio
715 3188 817 3252 certis
831 3187 1116 3270 promissionibus

169 3288 423 3371 spopondisset,
439 3309 514 3352 sese
537 3286 703 3351 maternis
719 3287 809 3351 velle
822 3288 858 3350 in
874 3287 1031 3352 omnibus
1054 3289 1115 3352 ob·

170 3396 360 3470 temperare
391 3389 586 3471 praeceptis,
616 3387 678 3451 illa
711 3385 921 3450 admirandae
952 3387 1122 3453 animosi-⁴

168 3487 251 3553 tatis
286 3487 474 3568 abbatissa,
499 3487 614 3571 palam
638 3484 773 3552 cunctis
798 3486 973 3550 sororibus
1000 3505 1117 3551 exem-

168 3587 262 3671 plum
279 3588 451 3652 castitatis
468 3589 636 3671 praebens,
652 3607 721 3651 non
736 3586 847 3651 solum
870 3585 1115 3651 sanctimonia·

168 3689 259 3751 libus
295 3687 365 3750 illis
403 3687 605 3770 proficuum,
635 3687 858 3751 verumetiam
890 3686 1048 3750 omnibus
1080 3693 1117 3752 et

166 3888 223 3938 ther
233 3886 323 3948 Aeser,
333 3886 375 3935 the
386 3887 448 3935 Sax.
457 3885 560 3944 Chron,
571 3876 641 3987 mi
655 3896 729 3931 scene
751 3862 779 3930 at
800 3881 967 3943 coldingham
993 3895 1118 3943 nunnery,

167 3973 251 4018 rence,
270 3958 380 4017 Simeon,
395 3971 441 4005 nor
460 3953 628 4016 Huutingdon
652 3951 736 4002 which
754 3951 925 4012 immediately
939 3950 1047 4010 follows,
1065 3950 1116 3999 aud

167 4029 276 4078 mention
305 4041 355 4087 any
383 4025 506 4086 irruption
534 4024 564 4072 oi
587 4022 629 4072 the
652 4036 720 4084 upon
728 4020 812 4070 which
825 4020 867 4070 the
878 4021 1060 4069 above·named
1070 4035 1116 4069 aa·

168 4099 256 4147 Danae
266 4097 319 4144 into
330 4095 447 4144 Scotland
459 4097 484 4143 in
495 4093 547 4143 this
554 4108 629 4155 year:
652 4091 767 4141 thoritiee
778 4104 821 4139 are
832 4090 936 4152 equally
947 4090 1030 4139 silent.

167 4169 188 4216 lt
198 4180 279 4216 seems
290 4170 316 4214 to
327 4165 391 4213 have
402 4165 465 4213 been
480 4162 630 4213 introduced
690 4159 697 4190 ¹
710 4162 844 4223 i'ngwet
852 4159 1118 4224 Hahho.]‘lnguaret

166 4237 201 4299 hy
209 4250 268 4298 way
278 4233 307 4284 ol
314 4234 449 4297 prefaceto
456 4232 498 4284 the
509 4233 630 4284 romantio
654 4226 738 4281 Ubha'
748 4246 785 4280 on
792 4230 835 4281 the
845 4229 952 4293 margin.
