2888 4852
535 439 730 487 ruouoous.
1084 419 1106 482 3

154 594 319 673 nationis,
341 595 471 679 [nullo]
492 596 725 681 praetermisso
745 616 855 679 usquo
881 595 925 659 ad
950 602 1107 675 tempora

154 702 288 772 nostra,
305 695 341 758 iu
356 715 443 779 quos
457 698 556 780 quasi
573 697 659 762 lines
675 697 869 761 seculorum
879 696 1104 770 devenerunt,

153 794 276 876 dequo
292 815 356 859 suo
371 803 526 879 tempore
537 798 673 880 plenius
685 816 943 880 prosequemur.
972 795 1104 858 Neces-

153 895 284 958 sarium
310 903 426 959 tamen
451 898 621 961 credimus
645 905 785 981 propter
811 896 1010 960 fastidiosos
1035 894 1104 957 lec-

154 1002 249 1058 tores
270 996 531 1078 scripturarum,
547 997 607 1080 qui
625 997 668 1061 de
685 996 779 1060 sacili
800 1015 966 1059 nauseam
988 994 1103 1057 iucur-

155 1101 250 1171 runt,
260 1094 415 1159 historiae
429 1096 542 1161 secere
554 1097 772 1173 brevitatem,
785 1103 825 1159 ut
841 1094 922 1158 dum
937 1096 972 1157 in
985 1094 1104 1175 paucis

153 1201 191 1258 et
221 1196 325 1259 rebus
352 1195 613 1260 delectabilibus
644 1214 757 1279 pauca
785 1195 960 1278 reperiunt
988 1201 1024 1257 et
1046 1193 1104 1276 jo-

153 1295 281 1373 cunda,
297 1296 431 1359 animos
453 1295 640 1360 eorundem
665 1298 701 1358 in
724 1315 875 1360 amorem
897 1293 1011 1358 brevis
1036 1293 1105 1356 lec-

155 1396 261 1459 tionis
278 1404 314 1460 et
331 1415 375 1460 ex
393 1397 503 1479 pigris
525 1395 741 1460 auditoribus
759 1416 800 1459 ac
821 1392 974 1458 taediosis
997 1392 1103 1456 lecto·

155 1496 251 1559 ribus
269 1495 451 1559 reddamus
463 1495 648 1560 studiosos.
676 1496 823 1578 Sumpta
834 1501 949 1558 autem
967 1499 1050 1555 suut
1062 1510 1105 1556 oa

154 1614 236 1678 quoe
252 1602 446 1679 sequuntur
459 1615 504 1659 ox
519 1596 616 1660 libris
636 1597 842 1678 scriptorum
857 1592 1104 1657 catholicorum

155 1693 292 1778 fidoque
309 1695 504 1778 dignorum,
520 1696 617 1760 velut
643 1715 688 1759 ex
707 1696 817 1779 pratis
840 1691 986 1757 diversis
1002 1691 1105 1754 dores

156 1796 246 1860 varii
263 1797 476 1879 colliguntur
495 1797 632 1873 coloris,
646 1805 685 1859 ut
704 1796 780 1878 ipsa
797 1794 962 1869 varietas,
986 1791 1106 1854 multis

155 1896 324 1979 insignita
338 1896 522 1974 coloribus,
542 1895 657 1960 varias
674 1895 862 1977 legentium
878 1899 1011 1957 mentes
1028 1890 1106 1954 refi-

156 1997 227 2061 ciat
246 2004 296 2074 et,
316 1997 498 2080 saporibus
523 1996 669 2060 diversis
693 1995 928 2077 praegustatis,
955 1991 999 2056 ad
1022 2009 1106 2054 usus

153 2096 377 2162 delectabiles
393 2095 542 2162 sufficiat
558 2095 787 2177 singulorum.

463 2394 631 2445 uulelclT
659 2391 854 2441 PROLOGUS.
