2888 4852
351 397 417 462 106
609 413 746 463 nocem
768 415 817 462 nn
839 412 1046 463 wnunovns

351 571 432 636 culo
463 570 775 636 commissa·luere
806 579 938 654 posset.
989 569 1151 650 Quadam
1184 569 1305 655 itaque

351 665 454 736 nocte
468 672 550 735 dum
565 673 602 736 in
619 679 731 736 strato
754 690 819 735 suo
834 672 1026 753 quiesceret
1048 672 1175 735 emissa
1188 677 1243 735 est
1258 670 1304 734 ad

351 791 430 835 eum
442 791 512 836 vox
527 772 662 835 caelitus
676 772 806 848 dicens,
820 777 831 806 ‘
845 770 1007 849 Maurici,
1023 771 1122 836 trade
1139 779 1174 836 te
1191 777 1303 835 etux·

351 890 445 935 orem
467 880 564 936 tuam
588 870 830 936 Constantiam
852 890 932 934 cnm
953 871 1070 954 pueris
1086 870 1215 936 Phocoe
1236 870 1303 934 mi·

350 970 426 1035 liti!
486 971 764 1055 Expergelactus
788 977 906 1035 antem
933 970 1095 1054 quaesivit
1116 990 1140 1035 a
1163 971 1249 1048 suis,
1272 970 1303 1034 si

351 1071 481 1134 seirent
495 1071 638 1135 militem
654 1071 746 1135 inter
763 1071 902 1152 agmina
924 1088 989 1133 sua
1004 1069 1158 1134 Phocam
1181 1069 1302 1153 appel·

350 1170 480 1248 latum;
505 1178 542 1234 at
563 1170 627 1246 illi,
642 1170 798 1234 ‘Scimus
809 1169 831 1249 ;’
856 1177 892 1233 et
908 1169 978 1243 ille,
996 1167 1131 1253 ‘Cujus
1145 1177 1201 1234 est
1215 1188 1301 1253 qua·

350 1269 504 1334 litatisl’
566 1267 638 1347 Qui
672 1270 848 1347 dixemnt,
879 1267 1049 1333 ‘Juvenis
1079 1268 1231 1334 tumidus
1265 1277 1302 1335 et

352 1367 576 1434 temerarius'
617 1367 718 1433 Tunc
734 1367 931 1450 Augustus,
946 1369 1119 1433 somnium
1133 1387 1234 1432 suum
1248 1388 1301 1433 re-

350 1467 475 1546 ferens,
501 1468 720 1550 glorificabat
744 1468 925 1550 magnifice
949 1468 1064 1533 Deum
1089 1488 1153 1551 pro
1177 1467 1301 1551 hujus·

350 1568 443 1632 modi
457 1567 600 1633 visione.
653 1567 740 1633 Post
765 1568 840 1632 haec
863 1575 980 1633 antem
1001 1569 1038 1631 in
1065 1575 1158 1632 terra
1180 1567 1301 1633 hostili

349 1668 496 1750 positus,
518 1687 596 1732 cum
618 1668 745 1733 milites
762 1687 845 1732 suos
869 1665 961 1732 ferro
980 1675 1017 1731 et
1039 1668 1170 1750 rapinis
1189 1667 1300 1732 absti-

349 1787 431 1832 nere
458 1767 692 1851 compelleret,
720 1787 783 1832 nec
815 1775 931 1831 tamen
956 1768 1007 1831 eis
1036 1773 1203 1832 consueta
1235 1768 1299 1832 sti·

348 1867 475 1950 pendia
498 1868 720 1945 ministraret,
735 1866 889 1931 Phocam
912 1885 1034 1948 rogare
1056 1874 1238 1950 coeperunt
1259 1875 1300 1933 nt

334 1967 483 2049 *imperii
517 1986 623 2050 super
654 1986 714 2031 eos
747 1967 900 2048 regimen
930 1974 1134 2050 usurparet3
1173 1966 1300 2049 quibus

349 2065 488 2130 Phocas
502 2066 677 2144 obediens,
694 2086 882 2149 purpuram
898 2066 1111 2148 imperialem
1133 2067 1298 2148 suscepit.

349 2164 453 2244 Quod
464 2166 607 2229 audiam
623 2165 817 2231 Mauricius
830 2166 945 2230 animo
960 2165 1164 2245 dissolutus,
1179 2166 1299 2231 rebus·

348 2285 416 2348 que
431 2265 615 2329 adversum
631 2285 668 2328 se
683 2264 870 2330 fluentibus
887 2266 1003 2343 cessit,
1017 2274 1053 2330 et
1068 2267 1105 2330 iu
1121 2266 1297 2350 quandam

347 2365 472 2430 silvam
496 2366 584 2428 mari
605 2367 808 2446 contiguam
825 2365 926 2447 fugit,
944 2368 980 2429 in
1002 2385 1073 2449 qua
1088 2385 1166 2430 cum
1188 2386 1298 2430 uxore

239 2471 241 2475 ’
274 2474 277 2479 ’
347 2472 382 2529 et
398 2465 551 2548 quinque
574 2463 654 2528 filiis
672 2464 776 2547 jussu
794 2464 922 2529 Phocea
937 2465 1087 2530 Caesaris
1108 2466 1298 2548 interemp-

295 2607 296 2610 =
346 2572 404 2630 tus
424 2573 489 2629 est.
542 2558 697 2628 ¹Phocas
717 2583 801 2646 ergo
824 2564 1021 2629 Romanum
1042 2566 1211 2630 invadens
1233 2567 1298 2630 im·

345 2665 491 2746 perium,
509 2663 609 2728 annis
623 2670 706 2728 octo.
716 2664 911 2747 imperavit.

396 2834 438 2902 Ut
453 2833 555 2902 leatus
572 2837 736 2952 &aporiae
752 2836 889 2922 Trojoai
895 2836 1055 2924 princepis
1074 2835 1213 2902 animm
1227 2857 1249 2903 a

578 2938 682 3023 poeais
698 2935 905 3022 iasemolilos
919 2938 1046 3022 eripuit.

186 3083 241 3123 en.
251 3083 296 3122 aa
397 3058 501 3127 Anno
516 3063 640 3144 gratiae
656 3078 739 3138 ncv,
754 3062 814 3144 qui
825 3069 880 3126 est
895 3080 1006 3125 annus
1020 3062 1154 3145 imperir
1145 3061 1298 3129 'Phocae

185 3132 318 3232 ἕιέἶῗῖξιοι
314 3134 530 3240 ⁰‚¹secundus
548 3163 672 3225 beatus
689 3181 782 3244 papa
796 3161 988 3243 Gregorius
1003 3181 1050 3226 ex
1067 3160 1132 3226 hac
1145 3163 1217 3227 vita
1232 3164 1298 3227 mi·

184 3233 268 3283 m
346 3262 463 3343 gravit
476 3260 521 3324 ad
532 3260 734 3324 Dommum
759 3257 874 3324 Hic
841 3281 895 3325 ιιι
904 3262 1027 3325 beatus
1038 3260 1194 3326 adhuc
1161 3282 1299 3341 vrvens,

346 3377 424 3423 cum
451 3367 605 3443 tempore
627 3354 812 3444 quodam²
818 3380 880 3443 per
898 3360 1009 3425 forum
1031 3360 1176 3445 Trajani
1200 3363 1297 3444 prin·

345 3459 444 3542 cipis,
461 3458 578 3542 quod
568 3478 644 3542 rpse
662 3459 816 3523 aediliciis
831 3459 1070 3543 pulcherrimis
1085 3460 1215 3524 dudum
1232 3481 1293 3527 ve·

346 3566 516 3636 nustarat,
534 3558 735 3641 procedens,
746 3559 870 3643 judicii
886 3562 962 3643 ejus
976 3578 1045 3643 quo
1059 3560 1199 3624 viduam
1214 3581 1298 3626 con-

345 3658 478 3722 solatus
493 3657 609 3723 suerat
623 3658 873 3736 recordaretur,
887 3679 952 3742 pro
965 3667 1064 3723 tanta
1078 3660 1296 3743 imperatoris

345 3758 609 3823 mansuetudine
629 3766 821 3822 commotus
838 3759 882 3822 ad
898 3759 1011 3822 sancti
1028 3758 1124 3823 Petri
1144 3761 1295 3843 apostoli

380 3929 516 3995 ¹Plocor.]
544 3933 586 3983 lle
605 3949 660 3983 vves
675 3933 805 3983 beheaded
831 3934 962 3984 Jolrannes
970 3933 1101 3984 Diaconos
1112 3936 1138 3984 in
1150 3934 1217 3984 their
1230 3937 1295 3988 lives

343 4004 377 4064 by
387 4003 533 4065 Heraclius,
543 4004 584 4053 his
595 4004 663 4066 right
670 4003 807 4053 handhav·
831 4003 861 4053 ol
868 4003 993 4067 Gregory,
1000 4005 1112 4066 prefixed
1123 4009 1149 4054 to
1159 4004 1202 4054 the
1210 4005 1295 4057 lourtlr

343 4075 387 4137 ing
402 4074 466 4123 been
476 4074 531 4122 first
541 4080 585 4122 cut
594 4075 638 4134 off,
649 4079 663 4122 ⁵
675 4073 734 4124 Oct.
747 4078 804 4124 ato.
831 4075 930 4123 volume
941 4074 971 4123 os
978 4075 1019 4122 his
1025 4074 1121 4137 works,
1127 4076 1173 4123 but
1183 4077 1294 4138 rejected

377 4140 389 4173 ³
410 4144 562 4202 Persarum
587 4143 724 4208 Tripoai]
751 4144 805 4192 The
830 4143 1062 4206 byBaroniusand
1073 4143 1294 4197 thellenedictine

256 4227 258 4231 ·
343 4228 412 4263 same
429 4215 452 4262 is
468 4214 564 4263 related
583 4215 618 4276 by
637 4214 736 4265 Paulus
754 4213 805 4264 and
830 4215 924 4264 editors
935 4228 964 4263 ss
975 4214 1102 4266 subulcus.
