2888 4852
328 402 394 464 444
583 414 716 464 uocaui
742 413 789 460 nn
813 409 1019 459 wnunovna

330 576 470 640 reddere
502 575 691 652 rationem3
724 572 883 637 videbitis
905 573 1110 645 autem'me,
1135 568 1284 651 quando

280 667 282 671 ’
332 677 472 758 signum
491 674 535 738 ad
555 681 693 737 sextam
716 672 836 736 horam
859 668 1107 752 pulsaverit,de
1127 687 1279 749 corpore

327 774 577 856 commigrare?
628 773 704 837 Nec
727 771 811 834 fides
837 770 948 835 defuit
969 769 1083 832 verbis
1105 767 1170 831 viri
1194 767 1279 845 Dei,

325 881 361 938 et
387 874 448 937 ille
471 873 568 949 hora,
594 892 663 956 qua
690 870 913 954 praedixerat,
939 867 1121 931 defunctus
1149 874 1216 942 est,
1240 873 1280 945 et

325 973 429 1036 miser
447 971 588 1055 juvenis
611 972 682 1048 ille,
704 989 796 1033 anno
820 968 989 1043 revoluto,
1020 966 1139 1030 eadem
1161 965 1219 1029 die
1240 973 1279 1029 et

324 1071 411 1134 hora
441 1091 519 1135 cum
545 1072 656 1135 amica
684 1087 868 1151 percussus
893 1066 1036 1129 fulmine
1066 1065 1276 1147 exspiravit.

325 1170 456 1235 Eodem
479 1175 571 1234 anno
593 1188 686 1252 papa
701 1162 929 1232 'Benedictus
947 1165 1141 1229 Romanam
1165 1163 1276 1246 adep-

325 1278 382 1335 tus
399 1269 598 1334 cathedram
613 1269 712 1332 annis
728 1266 907 1331 duodecim
923 1284 1000 1328 eam
1018 1262 1121 1328 rexit.

376 1442 426 1506 De
437 1439 535 1506 subito
550 1439 715 1506 Dacorum
730 1439 859 1505 interitu
869 1446 1038 1524 petiolum
1051 1436 1215 1522 Acyllam.

161 1577 301 1620 nnuma
374 1559 472 1630 H0c²
487 1565 636 1647 denique
654 1585 758 1642 anno,
781 1563 891 1626 Huna
908 1562 1059 1645 quidam,
1076 1559 1169 1642 regis
1186 1559 1276 1623 Eth-

160 1628 197 1667 tbc
206 1629 284 1670 Danu.

322 1664 428 1729 alredi
451 1665 585 1729 militia
608 1665 779 1746 princeps,
806 1665 861 1727 vir
886 1670 1047 1726 strenuus
1072 1668 1108 1724 et
1129 1659 1273 1722 bellico·

322 1783 394 1840 sus,
416 1765 537 1829 videns
560 1764 741 1827 Danornm
755 1763 996 1838 insolentiam,
1017 1761 1077 1842 qui
1094 1759 1169 1843 jam
1191 1764 1275 1841 post

322 1882 442 1945 pacem
473 1864 601 1928 factam
632 1883 693 1945 per
721 1870 831 1927 totam
860 1861 1026 1943 Angliam
1055 1858 1142 1923 adeo
1171 1859 1275 1921 inva-

321 1961 471 2040 luerant,
503 1962 596 2045 quod
628 1981 756 2026 uxores
787 1962 939 2025 virorum
971 1959 1136 2023 nobilium
1169 1959 1272 2038 regni

322 2068 357 2126 et
382 2062 471 2126 filias
493 2062 662 2125 violenter
686 2062 878 2144 opprimere
909 2067 945 2123 et
968 2060 1098 2143 ubique
1120 2056 1272 2122 ludibrio

322 2162 457 2226 tradere
479 2168 784 2244 praesumpserunt,
808 2160 954 2225 accessit
975 2159 1196 2241 perturbatus
1223 2157 1270 2220 ad

320 2279 436 2342 regem
459 2270 494 2324 et
510 2261 686 2342 querelam
709 2279 813 2342 super
833 2260 887 2323 his
909 2278 1025 2322 coram
1042 2277 1083 2322 eo
1099 2257 1271 2338 disposuit

320 2358 523 2423 luctuosam.
575 2360 674 2423 Tunc
696 2379 771 2435 rex,
792 2366 861 2423 non
882 2358 1100 2422 mediocriter
1116 2375 1270 2420 commo·

319 2464 388 2535 tus,
404 2478 465 2540 per
481 2458 635 2542 ejusdem
652 2458 770 2521 Huuae
788 2458 968 2523 consilium
983 2458 1077 2520 misit
1097 2456 1216 2519 literas
1229 2454 1269 2518 iu

319 2575 437 2621 omnes
455 2558 553 2639 regni
568 2558 665 2635 fineS,
683 2558 851 2622 mandans
867 2559 1064 2621 nationibus
1084 2555 1269 2631 universis,

318 2663 490 2737 quatenus
520 2659 584 2720 sub
611 2677 681 2721 una
706 2657 772 2735 die,
795 2659 831 2721 in
857 2657 946 2720 festo
970 2656 1130 2721 videlicet
1154 2655 1270 2718 sancti

319 2755 424 2820 Bricii
444 2756 608 2839 episcopi,
627 2777 744 2821 omnes
762 2758 857 2820 Dani
878 2776 940 2838 per
954 2755 1119 2836 Angliam
1136 2754 1267 2817 consti-

318 2856 396 2932 tuti,
418 2857 533 2920 subito
558 2858 689 2938 impetu
712 2857 816 2933 lacto,
837 2854 940 2920 morti
962 2854 1191 2929 traderentur,
1213 2853 1268 2916 ita

316 2961 356 3017 ut
378 2955 475 3020 nullo
499 2957 686 3037 superstite
705 2956 809 3019 simul
834 2974 875 3018 ac
899 2953 1004 3018 semel
1030 2973 1130 3016 omne
1152 2970 1266 3033 genus

316 3051 509 3135 Anglorum
536 3056 580 3118 ab
600 3056 824 3137 oppressione
845 3055 982 3118 Danica
1002 3054 1206 3117 liberaretur
1227 3051 1264 3113 in

317 3172 442 3217 aevum.
488 3154 614 3236 Sicque
631 3155 737 3232 Dani,
749 3156 808 3237 qui
822 3154 927 3236 paulo
943 3160 1024 3217 ante
1038 3172 1115 3216 cum
1125 3150 1263 3232 Anglis‚

316 3252 434 3316 addito
446 3253 658 3337 juramento,
671 3253 809 3317 fuerant
825 3253 1048 3317 confoederati
1066 3259 1105 3314 ut
1121 3250 1264 3333 pacifice

314 3370 393 3414 cum
417 3352 485 3415 illis
509 3353 715 3431 habitarent,
733 3353 956 3435 opprobriose
973 3352 1073 3414 nimis
1089 3358 1172 3413 sunt
1185 3369 1265 3432 per·

314 3452 420 3532 empti
446 3459 482 3515 et
504 3453 664 3516 mulieres
690 3473 768 3516 cum
801 3452 954 3534 parvulis
982 3451 1026 3514 ad
1057 3457 1175 3533 postes
1202 3448 1265 3511 do-

315 3569 448 3612 morum
480 3551 590 3614 allisae
623 3553 755 3615 animas
790 3550 1029 3615 miserabiliter
1057 3549 1264 3612 effuderunt.

349 3758 539 3828 ¹Beaedictua]
551 3765 593 3814 the
604 3766 699 3828 eigbth.
731 3767 773 3815 He
800 3768 878 3815 nans.
913 3766 939 3814 It
956 3766 978 3814 is
995 3766 1105 3814 inserted
1121 3765 1189 3827 bere,
1205 3781 1264 3827 pro·

312 3834 372 3884 died
383 3834 482 3900 inXJuly
496 3839 570 3885 1024.
801 3837 886 3897 bably,
903 3851 932 3884 aa
950 3837 1025 3896 being
1043 3835 1085 3883 the
1102 3837 1218 3885 occasion
1236 3836 1265 3885 of

346 3901 421 3952 ’Hoc
432 3904 532 3967 denique
543 3904 626 3966 unna]
643 3904 697 3953 'l'he
708 3919 775 3952 mas·
800 3905 842 3954 the
854 3920 960 3967 ravages
972 3906 1044 3954 made
1057 3905 1090 3966 by
1101 3907 1193 3967 Sweyn
1210 3907 1260 3954 and

312 3988 383 4023 sacre
400 3975 429 4022 of
443 3975 485 4022 the
497 3975 585 4023 Danas
596 3989 627 4022 on
639 3975 665 4023 S.
678 3970 774 4023 Brice’s
800 3975 842 4023 the
864 3975 952 4024 Dones
974 3976 999 4022 in
1023 3978 1095 4026 1⁰13.
1135 3976 1260 4036 Compare

312 4043 362 4105 day
383 4042 454 4108 (rath
474 4040 557 4110 Nov.)
575 4044 635 4093 took
652 4045 725 4105 place
748 4045 773 4091 in
799 4044 862 4092 with
874 4045 924 4093 this
940 4050 1047 4092 account
1057 4045 1125 4094 John
1138 4046 1261 4106 Walliug·

311 4114 354 4162 the
366 4127 427 4174 year
439 4114 684 4174 1002‚asrecorded
694 4115 719 4161 in
731 4113 772 4161 the
799 4114 865 4174 ford,
891 4115 953 4164 edit.
976 4114 1052 4175 Gale,
1079 4130 1105 4175 p.
1129 4119 1186 4176 547,
1207 4115 1258 4163 and

313 4183 373 4231 Sax.
387 4182 480 4232 Chrou.
495 4182 545 4232 und
563 4183 595 4243 by
607 4184 678 4232 other
696 4183 773 4232 bisto-
799 4184 885 4247 Certe,
896 4185 964 4233 Hist.
975 4185 993 4234 i.
1005 4199 1031 4246 p.
1044 4187 1100 4233 ³³6.
