2888 4852
322 399 388 463 446
578 415 713 464 uoonnr
736 417 784 463 nn
806 414 1013 488 wnunovnn

323 580 449 649 matus,
478 580 623 637 cunctos
655 591 729 638 suae
757 573 942 656 potestatis
967 572 1061 637 viros
1086 572 1281 637 bellatores

322 672 506 737 convenire
523 673 616 750 fecit,
630 674 816 755 missisque
838 680 911 737 tum
933 672 1042 736 literis
1056 672 1129 737 suis
1146 673 1191 736 ad
1209 692 1278 736 ex-

324 781 417 837 teras
438 773 598 854 regiones
612 773 814 850 veredariis,
834 771 962 836 milites
981 773 1109 855 probos
1131 780 1166 836 et
1186 773 1281 836 lucri

322 872 477 954 cupidos,
493 873 685 955 animisque
706 873 814 950 leves,
835 872 880 937 ad
902 872 993 936 hane
1015 871 1276 956 expeditionem

322 972 441 1035 venire
457 971 647 1037 mandavit.

375 1147 464 1226 Quod
480 1169 534 1213 rae
548 1148 712 1213 Dacorum
728 1149 856 1214 Saccus
869 1146 1022 1233 Angitiam
1039 1145 1240 1233 ωὸβνιραοᾶπ

161 1288 218 1330 Ao-
229 1290 284 1328 ¹0¹³·
372 1271 477 1337 Anno
493 1273 635 1338 Domini
653 1267 946 1349 MX111.¹Suanus,
962 1291 1025 1335 rex
1042 1272 1220 1336 Danorum
1235 1279 1276 1335 et

161 1339 273 1429 mn
322 1377 492 1455 tyrannus
515 1373 756 1456 nequissimus,
781 1391 859 1436 cum
885 1371 998 1437 classe
1011 1372 1129 1436 valida
1152 1390 1273 1434 mense

162 1439 267 1489 ΜΦ
321 1470 419 1537 Julio
436 1492 531 1537 mare
545 1474 733 1554 ingressus,
748 1473 785 1536 in
795 1471 928 1552 Anglia
943 1470 988 1534 ad
1004 1477 1142 1552 portum
1156 1470 1271 1552 appli-

322 1572 395 1635 cuit
411 1571 708 1651 Sandwicensem3
735 1572 795 1635 ubi
810 1569 929 1654 paucis
949 1569 1132 1634 admodum
1148 1568 1272 1633 diebus

321 1671 795 1752 commoratus,East·anglia
803 1670 1109 1751 circumnavigata,
1119 1669 1273 1732 Humbri

322 1769 474 1834 fluminis
495 1771 621 1836 ostium
650 1771 806 1847 intravit,
828 1769 871 1834 de
893 1788 963 1852 quo
985 1769 1115 1833 Trente
1139 1768 1269 1832 flumen

321 1868 529 1951 ingrediens,
558 1870 602 1934 ad
629 1868 907 1952 Geinesburgum
932 1867 1047 1933 vicum
1076 1867 1271 1949 navigavit,

322 1977 358 2033 et
377 1969 503 2033 ibidem
526 1969 666 2035 navium
687 1988 828 2033 suarum
847 1968 1032 2032 stationem
1053 1969 1271 2049 composuit3

320 2067 369 2132 ibi
392 2066 545 2133 cnutoni
574 2068 645 2132 lilio
678 2088 743 2133 suo
773 2068 885 2132 classe
918 2085 997 2130 cum
1024 2067 1166 2130 armatis
1197 2086 1270 2130 non

320 2168 442 2249 paucis
461 2169 712 2246 commendata,
728 2169 804 2251 ipse
822 2167 867 2230 ad
891 2166 1147 2249 provinciarum
1162 2165 1270 2248 depo·

320 2266 533 2349 pulationem
544 2267 586 2331 de
601 2267 747 2332 navibus
761 2265 879 2331 exivit.
905 2264 971 2329 Cui
980 2266 1145 2330 continuo
1155 2257 1270 2328 ²Nor·

321 2365 640 2443 thanhnmbrenses,
658 2366 931 2442 Lindeseienses,
951 2372 987 2429 ot
999 2359 1271 2445 ³Fifburgenses

321 2459 480 2548 primitus
496 2464 744 2547 subJectionem
760 2465 926 2540 fecerunt,
941 2473 977 2529 et
991 2483 1085 2541 mox,
1102 2483 1180 2526 cum
1198 2484 1270 2528 non

321 2563 487 2629 baberent
511 2564 735 2642 defensorem,
755 2583 875 2629 omnes
897 2572 1031 2647 gentes,
1052 2563 1111 2645 qui
1132 2562 1269 2627 habita·

321 2665 406 2728 bant
438 2683 460 2728 a
490 2672 589 2747 parte
621 2663 811 2745 aquilonali
842 2671 963 2727 stratae
993 2663 1154 2745 publicae,
1187 2682 1269 2746 quae

321 2763 588 2845 watlingstrete
615 2763 752 2840 dicitur,
780 2763 824 2827 ad
850 2763 1058 2826 deditionem
1087 2761 1269 2843 compulsi,

321 2881 445 2926 manus
472 2863 639 2927 dederunt
665 2870 701 2927 et
726 2862 937 2939 fidelitatem,
962 2861 1055 2926 datis
1079 2860 1269 2939 obsidibus,

316 2960 549 3044 juraverunt3
572 2961 696 3027 deinde
713 2961 757 3025 ad
774 2969 931 3026 austrum
946 2960 1200 3044 expeditionem
1216 2961 1271 3024 di·

161 3087 309 3139 numago.
322 3062 451 3143 rigens,
468 3063 540 3125 suis
557 3063 716 3126 omnibus
730 3061 880 3126 edictum
900 3060 1091 3143 proposuit,
1108 3066 1147 3123 ut
1163 3080 1269 3142 agros

321 3161 557 3239 devastarent,
580 3162 682 3226 villas
704 3167 907 3237 cremarent,
933 3160 1030 3224 lucos
1053 3167 1089 3223 et
1110 3161 1269 3242 pomaria

322 3261 549 3338 succiderent,
574 3260 737 3326 ecclesias
759 3260 960 3342 spoliarent,
987 3259 1151 3341 quicquid
1173 3279 1267 3322 mas·

322 3359 428 3423 culini
447 3380 553 3425 sexus
573 3361 617 3424 ad
640 3378 764 3424 manus
780 3360 914 3425 veniret
926 3359 1140 3443 jugularent,
1162 3367 1269 3440 atque

322 3457 482 3523 foeminas
499 3460 543 3522 ad
563 3479 662 3524 suam
684 3459 890 3542 explendam
916 3457 1090 3521 libidinem
1113 3477 1270 3522 reserva-

322 3564 410 3634 rent,
436 3558 554 3640 sicque
583 3559 750 3622 ministris
775 3557 850 3642 ejus
879 3558 1007 3639 ubique
1035 3558 1145 3621 ferina
1173 3559 1269 3622 rabie

321 3656 625 3735 debacchantibus,
651 3657 695 3720 ad
724 3657 897 3721 Oxoniam
930 3656 1069 3721 tandem
1096 3659 1268 3739 parvenit,

357 3856 364 3887 ¹
375 3860 482 3919 Suom,
489 3871 535 3907 rea
547 3857 692 3922 naama]
707 3857 783 3908 Oom·
808 3859 916 3908 rectione
931 3858 981 3907 and
998 3858 1113 3920 example
1124 3858 1154 3906 el
1162 3859 1270 3923 Ubtred,

320 3944 381 3993 pare
397 3929 439 3977 the
456 3928 590 3990 campaign
605 3926 635 3975 os
646 3929 739 3989 Sweyn
755 3928 781 3976 in
807 3928 872 3977 their
883 3927 944 3977 earl.
982 3928 1102 3978 Malmsb.
1114 3943 1140 3988 p.
1152 3933 1209 3978 290.

319 3999 370 4048 this
386 4013 447 4060 year
463 3998 525 4046 with
541 3997 584 4046 the
600 3998 661 4047 Snx.
678 3997 782 4059 Cbron„
841 3991 1058 4064 williermus]
1070 3997 1214 4057 Theywere
1226 3998 1268 4048 the

320 4069 388 4118 Flor.
400 4069 450 4118 and
463 4067 582 4117 Mnlmsb.
593 4064 606 4132 ς
619 4071 675 4116 177.
807 4067 960 4117 inhabitants
977 4066 1007 4115 os
1020 4067 1062 4115 the
1081 4068 1128 4115 live
1145 4071 1226 4116 towns
1242 4069 1272 4118 of

355 4136 365 4166 ¹
378 4131 673 4204 Nortbnnbambrenm]
709 4137 779 4197 'l'bey
806 4137 944 4198 leicester,
955 4136 1091 4196 sanford,
1098 4138 1196 4200 Derby,
1205 4139 1269 4187 Not·

320 4208 465 4270 submitted‚
481 4207 617 4269 agreeubly
635 4210 661 4254 to
678 4205 720 4255 the
741 4206 781 4256 di·
805 4207 927 4271 tingbam,
938 4206 989 4257 and
1001 4206 1114 4257 Linooln.
