2888 4852
416 419 556 468 rnonrs
580 420 853 470 nrsronrnnuu.
1043 406 1109 471 335

155 573 299 637 fluvium
314 574 514 639 Thamesim
531 576 638 653 venit,
656 585 692 640 et
709 578 801 660 apud
815 572 1028 642 ¹Fulenham
1043 579 1108 662 hy·

154 675 294 738 emavit.
332 675 461 739 Eodem
476 695 567 739 anno
582 676 675 739 facta
687 670 907 760 est²eclipsis
919 678 1012 741 lunae
1027 685 1108 762 post

154 774 301 836 mediam
318 783 466 852 noctem,
485 776 587 839 tertio
603 776 681 839 idus
700 777 876 840 Octobris.

189 945 237 1010 Dc
249 946 414 1011 multorum
431 947 663 1034 depopulatione
680 946 879 1013 coenobiorum
894 948 929 1012 iu
950 949 1070 1014 cattia.

203 1066 309 1135 Anno
335 1072 477 1136 Domini
503 1089 732 1136 ncccnxxxr.
754 1066 920 1156 ³plurima
940 1073 975 1137 in
998 1094 1106 1156 regno
1119 1094 1174 1134 nn.
1184 1096 1229 1135 m.

1120 1146 1254 1184 Drrtruetion
1291 1144 1294 1149 '

157 1169 369 1235 Francorum
394 1173 604 1237 monasteria
627 1192 648 1235 a
666 1173 813 1255 paganis
834 1172 999 1238 demolita
1023 1182 1229 1239 suntorranen

155 1277 190 1333 et
214 1290 404 1350 concussa3
431 1273 521 1335 unde
545 1273 669 1335 fratres
688 1271 919 1337 Floriacensis
942 1274 1105 1351 coenobii,
1117 1247 1170 1335 iii*
1164 1246 1242 1335 iiii..

155 1369 247 1433 beati
259 1371 438 1435 Benedicti
452 1373 588 1435 abbatis
605 1371 769 1454 reliquias
784 1372 827 1435 de
844 1373 1026 1455 sepulchro
1042 1392 1106 1436 ex·

155 1469 344 1547 trahentes,
359 1471 475 1535 hostes
493 1471 657 1552 fugiendo
681 1471 747 1535 hac
770 1471 920 1552 illacque
934 1473 1104 1535 discurre·

155 1568 250 1633 hant.
304 1569 433 1634 Eodem
448 1591 586 1653 quoque
602 1590 694 1635 anno
711 1591 772 1634 rex
788 1567 953 1634 Alfredus
976 1571 1106 1634 multos

155 1687 369 1749 paganorum
395 1671 542 1753 populos
564 1670 681 1734 navali
706 1671 826 1753 praelio
844 1670 928 1734 vicit
950 1678 985 1734 et
999 1670 1106 1734 inter-

155 1766 248 1846 fecit,
264 1775 300 1832 et
317 1770 502 1834 nonnullos
516 1769 560 1833 ad
577 1770 829 1853 subjectionem
843 1769 967 1851 coegit.

225 1938 268 2004 Ut
280 1939 362 2004 sedec
375 1939 558 2026 episcopalis
572 1960 593 2005 a
607 1939 822 2025 Lindirsarnc
837 1941 873 2004 in
891 1940 1042 2006 Ocetriam

520 2039 677 2104 translatu
691 2040 742 2104 eit.

207 2162 311 2228 Anno
329 2162 470 2228 Domini
495 2158 910 2228 ncccnxxxu.⁴sanctus
936 2163 1106 2229 Cuthber·
1119 2185 1229 2226 noer

157 2273 214 2327 tus
229 2263 388 2327 Eadredo
403 2265 521 2328 abbati
538 2264 574 2327 in
585 2264 717 2327 visione
732 2273 902 2329 nocturna
922 2264 1106 2341 adsistam,
1118 2237 1253 2327 itidem

156 2364 322 2445 praecepit
347 2369 386 2426 ut
407 2363 537 2427 diceret
560 2363 723 2446 episcopo
748 2365 911 2445 regionis,
935 2337 1224 2445 quatenus¹‘¹¹¹⁰'⁰‘¹'

157 2461 384 2539 Cuthredum,
410 2463 517 2526 filium
539 2461 769 2540 Hardecnuti,
788 2483 889 2545 quem
919 2463 1013 2526 Dani
1034 2463 1107 2526 cui·

158 2563 237 2625 dam
262 2562 376 2625 viduae
403 2562 440 2624 in
464 2581 604 2627 servum
627 2563 854 2627 vendiderant
873 2563 965 2645 apud
988 2557 1108 2626 ⁵Win·

158 2661 323 2743 tigeham,
349 2662 432 2726 dato
462 2663 573 2744 pretio
598 2662 804 2727 redimerent
828 2669 864 2726 et
894 2662 1107 2744 redemptum

156 2761 223 2824 sibi
255 2762 291 2824 in
321 2781 437 2843 regem
467 2768 721 2843 promoverent.
773 2760 853 2839 Quo
883 2760 987 2838 sacto,
1013 2781 1106 2826 anno

159 2862 251 2942 regis
266 2859 401 2924 Alfredi
427 2863 530 2924 tertio
553 2862 684 2924 decimo
706 2861 783 2944 ipso
807 2861 844 2923 in
868 2879 984 2941 regem
1008 2879 1105 2924 coro·

158 2951 253 3037 nato,
278 2961 377 3023 sedes
402 2959 621 3043 episcopalis,
638 2980 716 3042 quae
736 2960 832 3042 prius
854 2959 890 3022 in
914 2958 1105 3022 Lindisfar-

157 3059 254 3123 nensi
286 3059 400 3123 suerat
423 3060 549 3136 insula,
577 3060 669 3142 apud
693 3058 865 3123 CestrIam
888 3058 1105 3137 transfertur,

191 3299 199 3332 ¹
212 3301 368 3364 Fuicnhnm]
380 3300 497 3361 Fulham,
509 3299 620 3348 Middle·
631 3298 634 3353 i
645 3300 722 3349 thien.
745 3300 772 3348 S.
794 3299 901 3360 Bertini,
924 3299 1051 3360 Bouqnet
1071 3298 1107 3347 ix.

156 3386 211 3420 sex.
232 3371 286 3420 The
298 3372 359 3419 Sar.
372 3370 465 3420 Chron.
477 3370 528 3418 and
539 3370 620 3418 Aeser
631 3372 634 3385 '
644 3385 671 3430 p.
680 3373 721 3431 70,
728 3369 813 3418 where
825 3368 866 3416 the
877 3382 963 3417 nemea
974 3368 1003 3418 of
1010 3369 1053 3416 the
1064 3382 1106 3417 se·

156 3442 229 3503 place
240 3440 291 3490 thir
300 3441 415 3488 invasion
426 3440 452 3488 in
464 3444 521 3488 879.
644 3439 713 3488 verul
725 3438 888 3487 monasteries
899 3452 942 3486 are
952 3438 1082 3488 recorded.

193 3508 417 3574 'Eciiprirlunoe.]
435 3508 623 3570 Aneclipseoi
680 3507 816 3559 ‘Sanctia
834 3507 1003 3571 Crithoten]
1029 3508 1105 3558 Com·

155 3581 199 3629 the
218 3595 266 3629 sun
288 3581 311 3629 is
330 3579 430 3628 noticed
452 3579 478 3627 in
497 3579 539 3627 the
558 3578 619 3628 Sar.
645 3593 705 3639 pare
723 3578 815 3628 Chron.
834 3578 867 3625 de
882 3577 999 3639 Mailros,
1013 3577 1046 3626 ad
1063 3592 1105 3628 au.

157 3649 702 3710 Chromandbyhsserasoccurring1883,
719 3649 781 3697 with
798 3648 840 3696 the
859 3652 926 3708 story
945 3662 974 3695 as
996 3647 1049 3696 told
1070 3648 1104 3709 hy

156 3720 181 3768 in
199 3720 241 3768 the
260 3720 396 3782 preceding
408 3734 478 3780 year,
495 3719 545 3768 and
560 3717 619 3766 both
646 3718 778 3780 Hereden,
789 3734 815 3780 p.
824 3721 881 3767 418.
904 3717 1014 3778 Simeon,
1025 3718 1052 3765 in
1062 3717 1104 3766 the

156 3806 189 3839 an
200 3791 294 3852 eclipse
312 3789 341 3837 ot
355 3790 397 3838 the
412 3804 461 3838 sun
478 3788 529 3838 and
547 3802 619 3837 moon
645 3802 706 3847 year
716 3793 774 3851 88³,
785 3788 878 3849 merely
890 3788 995 3849 notices,
1005 3786 1105 3838 ‘Guth-

156 3862 190 3921 by
202 3860 331 3910 Calvisius
342 3860 367 3907 in
379 3863 435 3908 778.
644 3857 689 3906 red
711 3873 742 3906 ex
762 3866 835 3907 servo
857 3858 939 3907 tuctur
958 3862 998 3907 ert
1016 3872 1061 3906 rex
1079 3861 1105 3905 et

192 3927 325 3979 ’Plurima
341 3930 367 3977 in
383 3944 460 3992 regno
471 3928 620 3977 Francorum
645 3927 879 3990 sedesepiscopatis
894 3928 920 3974 in
932 3927 1106 3976 Cunkecestra

155 4000 322 4063 monasteria]
340 3999 480 4049 Asserand
498 3999 540 4047 the
558 3998 619 4047 Sar.
644 3996 868 4059 restauratur,’hut
875 3996 1056 4046 attervvnrdsin
1063 3996 1105 4044 the

156 4069 249 4119 Chron.
261 4071 327 4119 teter
337 4070 407 4119 these
422 4082 529 4129 ravages
540 4072 565 4115 to
576 4067 619 4116 the
646 4068 848 4129 Recepitulation
860 4066 960 4115 recorda
972 4066 992 4113 it
1003 4071 1030 4113 at
1041 4065 1097 4115 fun.

157 4155 226 4189 rame
245 4155 316 4200 army
328 4139 383 4187 that
392 4140 443 4188 had
453 4137 576 4186 wintered
593 4142 620 4185 at
678 4136 893 4200 ⁶Wintigehnm]
910 4134 1107 4198 Wintingeham,

156 4210 273 4260 Fulham.
318 4210 441 4271 Compare
464 4208 556 4257 Chron.
579 4207 617 4255 Si·
644 4206 674 4256 L.
