2888 4852
357 393 423 460 162
614 408 748 456 nouam
773 408 821 455 nu
843 386 1051 456 wennovnn

360 567 578 651 magnificus,
593 566 680 632 obiit
696 567 817 631 morbo
839 565 1017 631 consectus
1032 568 1068 627 et
1083 561 1193 641 senio,
1207 569 1244 626 et
1259 580 1314 625 se-

359 669 478 753 pultus
495 676 549 732 est
565 669 601 731 in
615 667 760 731 ecclesia
775 666 867 749 apud
884 662 1105 730 streneshale
1122 664 1181 727 uhi
1195 662 1310 727 fuerat
1351 706 1354 713 ·

360 776 443 834 ante
467 788 530 833 rex
554 767 742 832 Eadwinus
771 766 940 848 sepultus.
992 762 1171 846 Regnavit
1192 768 1310 827 autern

361 889 425 954 pro
439 888 480 934 eo
496 868 588 931 tilius
604 868 680 952 ejus
696 866 862 949 Egsridus
878 864 1072 950 quindecim
1088 864 1199 927 annis.
1228 862 1313 926 Fuit

362 976 478 1034 autern
501 968 640 1033 Oswius
667 968 760 1031 tilius
785 965 995 1042 Athelserth‚
1020 965 1080 1047 qui
1103 963 1170 1028 fuit
1188 961 1313 1027 Athel-

362 1069 436 1147 rici,
452 1069 511 1151 qui
527 1068 594 1133 fuit
612 1068 686 1132 Idae
703 1067 805 1151 primi
818 1065 910 1149 regis
926 1063 1311 1130 Northanhumhrorum

362 1189 407 1234 ex
421 1167 561 1251 Anglis

654 1316 695 1380 N
691 1324 742 1380 ota
749 1335 891 1402 puyoom
904 1313 1021 1379 ceiam.

413 1439 518 1506 Anno
542 1440 665 1523 gratiae
690 1455 845 1503 ncnxxl.
863 1431 1034 1504 ¹maxima
1057 1438 1173 1503 avium
1195 1455 1315 1521 pugna

363 1540 431 1607 suit
453 1542 490 1605 in
504 1540 646 1623 Anglia,
669 1541 721 1604 ita
748 1546 787 1603 ut
813 1539 926 1604 muita
947 1539 1055 1604 millia
1075 1537 1314 1605 invenirentur

363 1642 490 1720 occisa,
505 1649 542 1706 et
557 1648 734 1707 extraneae
750 1659 833 1704 aves
849 1638 967 1722 fugam
981 1639 1095 1704 facere
1104 1638 1314 1704 viderentur.

418 1815 574 1900 Defuncto
589 1835 656 1900 reye
673 1811 906 1878 occidentalium
921 1813 1078 1878 Senonum
1092 1809 1258 1878 Kiocwalc

597 1920 675 1978 anor
689 1913 753 1998 ejece
770 1912 928 2000 Sechorqa
941 1912 1089 1979 suescat.

414 2036 520 2103 Anno
537 2038 661 2121 gratiae
677 2054 848 2101 ncnxxn.
867 2057 929 2102 rex
943 2036 1208 2102 occidentalium
1225 2035 1317 2101 Sax-

249 2174 280 2202 o.
367 2159 472 2204 onum
491 2138 685 2213 Kinewalc‚
711 2157 789 2201 cum
814 2145 994 2220 regnasset
1010 2138 1155 2221 triginta
1181 2144 1217 2202 et
1242 2157 1315 2202 uno

367 2240 480 2315 annis,
511 2237 693 2301 defunctus
722 2244 787 2314 est,
816 2244 852 2301 ot
874 2238 1035 2320 regnavit
1055 2257 1119 2321 pro
1151 2256 1193 2301 eo
1225 2257 1317 2302 uxor

366 2338 443 2423 ejus
475 2331 675 2420 ²Sexburgo
712 2355 804 2400 anno
848 2356 931 2414 uno,
962 2338 1023 2401 sed
1053 2336 1316 2419 indignantibus

274 2466 276 2469 ·
366 2438 465 2520 regni
485 2437 706 2519 magnatibus
732 2436 882 2519 expulsa
899 2444 952 2501 est
978 2455 1143 2519 arogno,
1166 2437 1317 2501 nolenti-

207 2857 262 2898 Μ).
271 2856 316 2896 tit.

205 2908 293 2947 Ceuncil
300 2907 325 2947 et

206 2958 313 2998 Herttord.

366 2539 431 2601 bus
449 2538 513 2601 sub
529 2555 616 2601 sexu
632 2536 794 2601 soernineo
812 2537 972 2603 militare.

370 2708 541 2774 Theodoms
558 2709 676 2773 cancie
690 2708 934 2795 archiepiscopus
944 2710 1106 2776 cornilhon
1117 2718 1321 2802 conqreyuoit.

416 2831 521 2898 Anno
536 2834 658 2915 gratiae
675 2851 859 2899 ncnxxur.
875 2843 1042 2918 regnante
1059 2837 1095 2900 in
1109 2837 1236 2904 cantia
1251 2840 1321 2907 Lo-

366 2933 493 3011 thori0‚
509 2935 546 2997 in
558 2933 778 2997 West-saxia
793 2934 988 3013 Eascwino,
998 2935 1214 3017 Theodorus,
1224 2939 1320 3006 Can-

367 3035 426 3098 tiae
441 3033 732 3117 archiepiscopus
746 3034 887 3116 collegit
898 3029 1094 3100 ³concilium
1104 3039 1195 3121 apud
1208 3039 1319 3106 Hert·

366 3133 456 3210 ford,
474 3135 702 3216 praesentibus
720 3135 893 3219 episcopis
909 3134 1049 3217 Angliae
1062 3156 1104 3201 ae
1120 3140 1261 3221 regibus
1283 3150 1319 3206 et

368 3233 591 3315 magnatibus
633 3234 817 3298 universis.
878 3234 1003 3300 Adsnit
1039 3237 1321 3326 archiepiscopus

369 3333 598 3397 Eboracensis
615 3332 811 3411 wilfridus,
837 3335 1032 3419 episeopus,
1049 3329 1147 3402 4Bisi
1170 3342 1322 3407 orienta-

402 3505 628 3558 ¹Muximuneium
641 3510 746 3573 pagan]
763 3526 832 3560 men·
856 3512 981 3562 helantem
1003 3515 1056 3563 vita
1082 3515 1207 3577 destituit,
1236 3533 1322 3569 annus

366 3579 451 3629 tioned
462 3581 517 3628 also
525 3579 551 3626 in
562 3579 604 3628 the
616 3581 677 3630 Sex.
687 3581 832 3643 Chron.‚by
856 3585 898 3631 vix
910 3588 1034 3645 potestate
1046 3585 1223 3645 perfunctum!
1239 3585 1306 3653 §⁸2

368 3649 498 3709 Floreuce,
516 3649 566 3698 aud
585 3649 762 3712 Huntiugdon
772 3651 831 3701 who
892 3650 905 3683 ³
924 3654 1061 3703 Cossitium
1082 3657 1146 3718 opud
1169 3653 1322 3728 Restm]

367 3720 460 3769 reluta
470 3734 487 3768 a
497 3719 832 3783 simitareveutashappon·
857 3723 907 3773 For
923 3724 965 3772 the
981 3725 1079 3786 precise
1090 3726 1149 3776 dete
1167 3727 1198 3777 oi
1211 3728 1263 3778 this
1279 3744 1324 3792 sy·

368 3791 412 3852 ing
423 3790 448 3837 in
460 3789 500 3838 his
511 3790 571 3837 time
579 3791 717 3850 atRouen3
728 3792 831 3853 Scriptt.
856 3793 917 3854 nod,
927 3807 971 3842 see
982 3795 1058 3856 Pagi,
1068 3795 1102 3845 ed
1113 3811 1155 3846 an.
1167 3801 1226 3860 6⁷2,
1236 3797 1249 3866 §
1260 3804 1286 3851 t.

368 3863 427 3921 post
438 3859 502 3909 Bed.
514 3875 540 3920 p.
553 3863 609 3909 tle.
891 3861 993 3928 *anm
1010 3865 1093 3915 called
1104 3867 1246 3920 aleoBosa,
1264 3871 1324 3921 Flo-

396 3925 832 3996 'Sexhargu.]Malmshuryspeaks
856 3947 930 3983 renos
952 3935 1038 3995 places
1060 3935 1101 3985 his
1130 3938 1274 3990 retirement
1296 3943 1324 3991 in

367 4000 397 4048 os
404 3997 450 4048 her
461 4001 487 4047 in
497 3999 540 4047 the
551 3999 652 4062 highest
662 4004 739 4048 ternis
750 4000 779 4048 oi
787 4000 833 4048 ad·
856 4006 914 4053 ets.
939 4003 1047 4053 Bedwin
1058 4006 1081 4054 is
1092 4006 1147 4057 also
1157 4007 1241 4059 called
1250 4010 1321 4061 Ead-

366 4071 492 4132 miration,
510 4069 561 4118 and
581 4075 658 4118 states
680 4070 736 4120 that
754 4071 831 4120 death
857 4075 922 4123 wine
940 4075 991 4123 and
1009 4075 1143 4137 Badwini3
1161 4079 1243 4143 Acca,
1260 4083 1323 4132 Etts

366 4144 413 4200 put
430 4155 464 4189 an
482 4139 532 4190 eud
553 4145 580 4188 to
598 4139 644 4187 her
666 4141 753 4202 reign3
777 4142 832 4190 that
856 4144 906 4191 and
929 4144 1001 4194 Eeci.
1037 4146 1104 4198 Bed.
1126 4145 1227 4214 §2713
1241 4151 1322 4215 Angl.

353 4274 355 4279 1
365 4209 517 4272 ‘plusquam
528 4208 661 4259 foemineoe
674 4210 771 4261 animos
786 4227 831 4261 an·
855 4213 925 4264 Sacr.
937 4215 955 4264 i.
966 4230 993 4277 p.
1004 4219 1063 4266 404.
