2888 4852
533 400 707 448 PRRFAGB.
1037 394 1098 455 xxi

136 577 174 621 se
198 557 277 622 tidei
299 557 537 635 subdiderunt,
560 558 697 623 excelsa
721 578 805 623 voce
832 560 943 624 Deum
969 563 1092 646 depre-
1110 580 1217 620 aanor

137 665 268 736 cantes,
292 667 331 723 ut
348 660 478 723 meritis
501 661 593 723 beati
617 660 777 742 martyris
791 667 826 722 et
842 661 1093 728 intercessione
1106 630 1212 720 &liniis

140 764 278 822 aeternee
307 761 387 823 vitae
417 760 603 842 participes
629 759 702 823 fieri
734 769 955 826 mererentur.
1011 763 1091 841 Quo

140 858 293 939 cognito,
319 859 548 941 spiculatores
574 859 666 922 mille
690 859 781 923 viros
811 862 912 926 morti
942 863 1092 928 tradide-

142 964 234 1032 runt,
255 958 356 1022 beato
380 957 590 1041 Ampbibalo
614 960 781 1035 intuente,
804 978 992 1043 eorumque
1017 966 1092 1027 ani·

141 1075 213 1120 rnas
232 1057 383 1123 Domino
405 1057 678 1124 commendante.
733 1057 800 1121 His
816 1060 867 1122 ita
883 1064 1003 1142 gestis,
1024 1063 1091 1126 ter·

142 1163 223 1219 vent
245 1157 340 1238 impii
365 1158 402 1220 in
435 1178 552 1224 necem
583 1158 786 1234 innocentis,
815 1167 859 1236 et,
885 1169 923 1224 ut
951 1161 1089 1226 beatum

140 1255 298 1338 spiritum
336 1257 489 1340 ejiciant,
523 1277 689 1321 saxorum
728 1257 895 1338 grandine
937 1263 1091 1341 graviter

140 1364 385 1438 conquassant.
439 1356 503 1420 llle
522 1376 616 1433 vero,
644 1358 679 1420 in
703 1358 860 1421 oratione
889 1361 1089 1440 persistere,

141 1474 203 1518 nec
223 1454 260 1518 in
283 1462 416 1538 partem
433 1456 576 1520 alteram
595 1456 650 1520 vel
673 1456 716 1520 ad
740 1455 858 1519 horam
882 1457 1088 1540 declinavit3

141 1554 213 1631 sed,
238 1575 315 1618 cum
345 1555 482 1619 tandem
506 1557 671 1619 invictum
702 1556 860 1638 spiritum
886 1558 971 1622 caelo
999 1568 1089 1625 esset

142 1654 350 1731 redditurae,
373 1654 441 1719 duo
464 1655 578 1738 angeli
598 1656 729 1719 caelesti
752 1655 887 1736 fulgore
915 1658 1089 1724 radiantes

142 1755 184 1817 de
218 1755 377 1836 supernis
407 1755 449 1819 ad
480 1775 556 1818 eum
586 1756 781 1832 veniebant,
809 1756 879 1838 qui,
904 1757 995 1820 beati
1025 1759 1090 1823 viri

142 1855 292 1919 animam
319 1855 424 1919 nimio
457 1855 604 1919 candore
632 1855 818 1936 fulgentem
847 1874 963 1918 secum
991 1876 1089 1921 assu·

143 1961 287 2032 mentes,
311 1955 347 2018 in
375 1954 494 2019 caelum
523 1974 599 2018 cum
625 1954 761 2038 hymnis
784 1962 818 2017 et
845 1953 1004 2019 laudibus
1030 1957 1088 2020 de·

142 2054 307 2118 tulerunt.
360 2055 440 2118 Vox
472 2074 609 2137 quoque
637 2055 679 2117 de
708 2053 792 2117 caelo
821 2052 864 2116 ad
894 2074 969 2117 eum
996 2056 1089 2120 facta

142 2161 207 2232 est,
229 2153 451 2219 audientibus
469 2155 615 2230 cunctis,
631 2155 667 2216 in
684 2152 775 2215 bunc
793 2153 943 2231 modum,
956 2160 966 2188 ‘
979 2155 1089 2220 Amen

142 2255 219 2318 dico
246 2255 320 2331 tibi,
347 2256 428 2337 quia
456 2253 556 2318 bodie
583 2274 660 2317 cum
687 2251 855 2334 discipulo
878 2255 944 2316 eris
967 2254 1001 2316 in
1026 2275 1088 2337 pa·

144 2354 283 2418 radis0.'
334 2354 433 2418 Tunc
459 2354 598 2437 quidam
624 2352 734 2416 fidelis
760 2351 795 2414 in
821 2351 971 2429 Christo,
996 2356 1088 2418 beati

141 2455 304 2537 martyris
333 2473 458 2536 corpus
486 2453 574 2517 clam
603 2453 772 2530 auferens,
800 2453 984 2515 subterra
1011 2454 1089 2516 dili·

141 2561 265 2636 genter
289 2552 451 2628 occuluit,
480 2552 698 2635 quandoquc‚
729 2558 766 2614 ut
794 2550 1009 2629 confidimns,
1038 2554 1089 2616 di-

141 2655 223 2718 vino
241 2672 382 2717 manere
399 2654 434 2714 in
449 2652 559 2717 lucem
574 2650 826 2733 proferendum.
865 2651 993 2714 Eodem
1007 2659 1090 2716 tem·

141 2774 225 2837 pore
258 2754 293 2816 in
319 2753 503 2816 Britannia
527 2752 620 2834 passi
648 2760 729 2814 sunt
752 2748 870 2813 Aaron
900 2759 936 2814 et
960 2750 1090 2829 Julius,

142 2872 219 2917 cum
240 2852 318 2916 aliis
337 2851 493 2934 pluribus
512 2853 594 2915 viris
615 2859 650 2914 et
667 2849 829 2925 foeminis,
846 2850 904 2931 qui
924 2850 967 2912 ad
990 2870 1088 2932 egre-

141 2953 218 3034 gias
247 2952 469 3015 Hierusalem
491 2957 610 3032 portas
634 2950 764 3030 absque
788 2950 1005 3013 cunctamine
1030 2970 1091 3032 per

56 3096 61 3103 -
141 3052 345 3134 martyrium
363 3049 615 3115 convolarunt!

257 3169 279 3214 Ι
433 3175 453 3216 ἕ
607 3174 627 3215 ἔ
782 3177 802 3215 1
956 3176 977 3216 ἔ

143 3331 151 3359 ‘
169 3325 211 3389 Ut
227 3325 384 3388 Britanni
397 3324 435 3388 ab
453 3323 588 3389 omnibns
600 3325 714 3388 devicti
729 3345 826 3409 repam
843 3321 903 3386 cidi
924 3323 960 3385 dc
976 3323 1091 3385 minori

325 3425 501 3490 Britannia
509 3424 700 3509 postulantes
715 3431 904 3507 accarernnt.

194 3559 202 3586 ι
212 3551 317 3616 Anno
335 3552 458 3631 gratiae
478 3566 689 3614 ccccxxxn
706 3548 928 3622 Withelincs,
955 3546 1089 3610 Londo-
1104 3565 1244 3654 phpffim

145 3652 274 3716 niensis
297 3650 588 3733 archiepiscopus,
612 3649 759 3713 scientia
781 3656 815 3711 et
833 3647 1018 3711 virtutibus
1038 3647 1235 3755 1¹¹'‘i‘‹i'¹bkl⁰“

142 3752 250 3834 signis
267 3750 424 3814 babetur.
465 3749 633 3826 Hic,cum
651 3748 884 3812 calamitatem
898 3746 1090 3810 Britanniae
1104 3726 1176 3814 inly.
1187 3726 1211 3753 ‘'

143 3851 439 3935 abjectionemque
459 3844 693 3913 Romanorum
716 3846 957 3922 intellexisset,
981 3854 1091 3909 trans·

145 3951 284 4015 fretavit
301 3951 335 4012 in
353 3949 517 4013 minorem
533 3948 762 4020 Britanniam,
779 3966 857 4030 quae
875 3944 955 4009 olim
966 3943 1092 4009 Armo-

146 4053 216 4114 rica
237 4051 311 4113 sive
330 4048 481 4113 Moenia
503 4048 691 4121 dicebatur,
713 4054 751 4110 nt
774 4045 942 4110 auxilium
970 4064 990 4107 a
1018 4045 1091 4106 suis

145 4148 375 4214 confratribus
398 4147 600 4232 postularet.
661 4146 845 4229 Regnabat
869 4154 951 4208 tunc
975 4143 1009 4205 in
1032 4141 1093 4205 illa

191 4266 270 4312 vol..
288 4265 314 4314 l.
927 4265 943 4305 0
