2888 4852
349 410 416 474 268
610 424 744 472 nocnnr
769 425 816 472 nn
839 425 1047 474 wuuuovsa

503 659 644 738 Qualiter
659 681 713 722 ren
727 659 910 723 Brithricas
925 679 1034 723 veneno
1042 660 1152 744 periit.

399 783 504 849 Auno
523 784 663 848 Domini
682 796 815 847 ucccn.
828 776 1052 859 ¹Brithricus,
1069 803 1132 847 rex
1144 782 1302 846 occiden-

349 885 471 950 talium
488 883 679 960 Saxonum,
694 902 828 946 veueuo
850 883 954 966 periit
973 883 1010 944 iu
1031 882 1123 946 huuc
1140 883 1299 960 modum3

349 982 487 1048 Habuit
503 1004 565 1047 rex
579 983 657 1060 iste,
674 991 712 1047 ut
729 983 887 1065 superius
903 982 1051 1046 relatum
1066 989 1131 1061 est,
1146 983 1300 1064 reginam

349 1084 488 1148 nomine
504 1082 739 1164 Eadburgam,
750 1081 838 1145 Offae
850 1081 942 1162 regis
953 1080 1163 1146 Merciorum
1179 1081 1298 1159 tiliam,

348 1195 430 1266 quae'
444 1182 563 1246 multis
585 1180 727 1258 suffulta
742 1180 942 1259 honoribus,
964 1181 1059 1244 miris
1083 1200 1121 1245 se
1138 1182 1297 1245 ambitio·

349 1284 450 1347 nibus
474 1281 688 1360 extollebat3
723 1300 803 1344 nam
825 1288 984 1344 materna
1004 1281 1187 1363 tyrannide
1210 1281 1296 1344 iuci-

348 1389 436 1461 tata,
454 1400 572 1446 omues
589 1379 632 1444 de
656 1400 763 1462 regno
787 1379 932 1457 nobiles,
955 1380 1134 1445 ordinatos
1152 1387 1187 1443 et
1202 1381 1296 1443 viros

348 1481 541 1564 religiosos,
563 1480 608 1543 ad
628 1499 745 1562 regem
769 1498 933 1543 accusare
955 1486 991 1543 et
1016 1480 1191 1544 exsecrari
1215 1499 1297 1543 cou-

347 1581 474 1658 suevit,
503 1579 594 1643 uude
619 1586 654 1643 et
677 1578 889 1662 principibus
915 1578 1060 1642 ducibus
1087 1597 1210 1662 perosa
1235 1599 1297 1642 ex·

347 1681 449 1757 stitit,
467 1699 546 1744 cum
569 1679 790 1760 magnatibus
812 1685 848 1743 et
869 1678 1006 1761 populis
1031 1679 1222 1757 universis3
1250 1679 1297 1742 si-

346 1779 483 1863 quidem
508 1777 666 1842 malefica
688 1779 749 1842 illa
764 1778 815 1842 ita
836 1797 952 1859 regem
974 1778 1141 1842 instruxit
1162 1777 1299 1841 blaudi-

345 1880 416 1957 tiis,
442 1888 483 1944 ut
507 1877 587 1943 illos
609 1897 696 1961 quos
721 1878 907 1941 accusabat
927 1884 989 1940 aut
1011 1876 1085 1941 vita
1105 1885 1166 1942 aut
1188 1897 1296 1959 reguo

344 1980 528 2062 privabat3
552 1985 587 2041 et
609 1978 640 2040 si
655 1977 721 2042 hoc
744 1996 765 2040 a
782 1995 864 2058 rege
880 1976 1064 2059 impetrare
1082 1997 1152 2041 nou
1167 1978 1294 2059 potuit,

340 2068 477 2143 >veneno
495 2097 554 2142 eos
570 2077 659 2141 clam
675 2076 817 2160 perdere
832 2075 1024 2141 cousuevit.
1077 2076 1163 2141 Erat
1178 2084 1294 2141 autem

344 2177 465 2242 eodem
488 2185 643 2259 tempore
669 2176 869 2240 adolescens
892 2175 1031 2256 quidam
1056 2196 1181 2258 genere
1206 2195 1296 2258 prae-

344 2277 459 2341 clarus
485 2295 526 2340 ac
552 2275 626 2357 regi
642 2275 743 2339 valde
765 2274 945 2338 familiaris
969 2282 1005 2339 et
1027 2276 1297 2354 amantissimus,

343 2396 446 2459 quem
470 2394 548 2440 cum
573 2374 730 2439 malefica
757 2375 878 2457 regina
901 2393 1065 2438 accusare
1089 2395 1159 2439 nou
1174 2375 1295 2453 valuit,

335 2495 477 2540 ‘veneno
500 2475 597 2538 illum
618 2474 793 2554 extinxit3
818 2474 861 2538 de
883 2492 954 2555 quo
976 2493 1110 2539 veneno
1131 2494 1207 2538 cum
1231 2494 1294 2539 rex

343 2575 545 2657 ignoranter
569 2582 746 2657 gustasset
778 2574 928 2638 animam
957 2575 1071 2638 subito
1102 2574 1293 2656 exhalavit,

343 2693 405 2738 nec
433 2682 548 2738 tamen
575 2674 636 2737 ilia
663 2673 737 2756 regi
761 2672 843 2737 dare
871 2682 1098 2757 proposuerat
1130 2674 1291 2757 poculum

342 2776 476 2852 mortis,
496 2773 557 2838 sed
580 2773 803 2850 adolescenti,
825 2779 1050 2837 veruntamen
1073 2775 1174 2838 ambo
1196 2776 1292 2840 bihe-

334 2882 423 2938 ·runt
443 2881 478 2938 et
494 2883 579 2955 potu
597 2872 794 2937 venenifero
816 2873 1003 2956 perierunt.
1049 2872 1148 2956 Rege
1170 2873 1290 2959 itaquo

341 2974 377 3037 in
393 2973 485 3037 huuc
502 2973 639 3037 modum
660 2979 851 3055 perempto,
874 2972 998 3035 mulier
1013 2974 1225 3055 nequissima
1247 2976 1292 3040 ti-

340 3090 436 3138 more
458 3073 641 3156 pcrterrita
661 3072 798 3154 fugiens
819 3091 898 3135 cum
921 3070 1092 3135 thesauris
1114 3072 1290 3155 impretia-

341 3172 466 3236 bilibus
498 3191 593 3236 mare
626 3173 776 3249 transiit,
804 3179 839 3235 et
869 3170 1044 3249 Carolum,
1078 3172 1290 3237 Francorum

341 3292 470 3355 regem,
493 3272 612 3335 adiens
633 3272 744 3335 multa
767 3271 799 3334 ei
824 3271 931 3334 xenia
955 3273 1200 3353 praeseutavit3
1233 3275 1290 3338 cui

340 3391 418 3435 cum
451 3371 605 3436 adstaret
635 3372 726 3434 inter
761 3370 922 3434 mulieres
954 3371 1175 3454 nequissima,
1208 3373 1289 3439 licet

333 3470 594 3553 ¹pulchritudine
611 3468 852 3552 pulcherrima,
867 3471 917 3534 sic
934 3490 997 3534 rex
1014 3490 1090 3534 eam
1107 3470 1289 3537 adlocutus

341 3571 402 3647 ait,
419 3575 429 3603 ‘
446 3569 558 3652 Elige,
576 3569 775 3650 Eadburga,
789 3589 891 3650 quem
909 3570 1072 3646 volueris,
1091 3571 1146 3635 vel
1164 3573 1289 3638 merel

341 3669 448 3732 filium
469 3689 595 3747 meum,
612 3669 671 3750 qui
691 3668 774 3731 mihi
797 3669 914 3732 adstat
936 3669 972 3731 iu
990 3669 1129 3746 solario,
1143 3671 1179 3734 in
1197 3673 1287 3736 soci·

339 3776 467 3833 etatem
493 3770 649 3852 accipere
675 3768 893 3852 conjugalem
911 3767 931 3847 3'
965 3776 1002 3832 at
1027 3770 1088 3833 illa
1109 3771 1182 3834 siue
1205 3770 1290 3835 deli-

374 4006 573 4072 ¹Brithricur.]
601 4009 655 4058 The
676 4008 752 4057 death
775 4007 804 4056 ot'
824 4006 886 4056 from
903 4006 992 4069 Assur,
1006 4006 1064 4057 who
1087 4012 1165 4057 states
1184 4009 1239 4058 that
1256 4013 1287 4062 he

339 4079 469 4128 Beorhtric
482 4080 503 4126 in
515 4078 635 4127 recorded
647 4080 673 4127 iu
684 4078 726 4127 the
738 4078 798 4126 Sex.
825 4077 874 4124 had
883 4077 998 4126 received
1008 4076 1095 4125 itsrom
1102 4077 1223 4140 Aelfred3
1235 4082 1288 4132 vir.

338 4149 431 4199 Chrou.
454 4149 479 4197 in
497 4152 554 4198 800.
598 4148 652 4196 The
674 4152 753 4208 story,
771 4161 800 4195 aa
823 4146 892 4197 Aeli.
904 4147 944 4198 ed.
957 4147 1036 4210 Winc,
1048 4161 1074 4208 p.
1083 4152 1124 4198 1⁰.

337 4218 396 4269 here
408 4219 460 4268 told
472 4221 506 4281 hy
518 4219 668 4282 wendover,
682 4218 705 4267 is
721 4217 798 4267 taken
