2888 4852
319 396 364 461 78
576 413 711 462 nocem
738 414 784 461 nn
807 415 1015 463 wnsnovnn

321 573 518 655 sexaginta,
553 581 588 638 et
626 572 718 657 apud
764 572 990 666 Flemesburg
1022 571 1275 655 applicuerunt.

324 673 502 756 Regnavit
526 682 642 738 autem
663 672 728 737 Ida
754 675 855 756 annis
874 671 1064 750 duodecim,
1088 678 1124 736 et
1149 671 1276 736 castel·

161 786 248 878 33:32.
240 786 304 878 123·
322 773 395 837 lum
419 774 462 838 de
482 774 665 838 Baenburc
689 775 897 851 construxit,
914 773 1007 856 qnod
1030 772 1126 856 prius
1149 771 1275 854 ligneis

323 874 424 957 palis,
441 883 564 957 postea
579 894 689 952 muro,
704 874 871 939 circuivit.
925 872 1176 955 Genealogiam
1190 891 1275 937 vero

324 974 400 1058 ejus
416 975 598 1057 sequentia
614 973 852 1038 declarabunt.
1220 1037 1222 1041 ,

163 1085 272 1126 Α-Μῠ-
375 1071 479 1138 Anno
505 1076 628 1157 gratiae
655 1091 787 1138 uxmx.
812 1068 1013 1156 ¹Agericus,
1030 1070 1274 1136 Viridunensis

325 1174 520 1257 episcopus,
537 1175 725 1238 sanctitate
741 1172 877 1237 refulsit
889 1173 1048 1254 insignis.

162 1283 273 1325 tlh-⁶⁵⁰·
376 1271 480 1339 Anno
512 1274 636 1357 gratioe
670 1291 728 1338 nn.
752 1276 935 1338 sambucus
963 1273 1068 1337 arbor
1098 1273 1135 1336 in
1164 1270 1273 1336 Italia

325 1392 434 1457 gruna
447 1382 483 1439 et
498 1373 631 1439 fructus
644 1374 727 1440 vitis
741 1374 907 1457 portavit.

570 1549 686 1629 Quinta
699 1548 832 1633 synodus
845 1547 1024 1614 cohortatur.

163 1690 272 1731 ensu-
374 1671 480 1739 Anno
507 1675 631 1757 gratiae
653 1690 726 1737 nm.
743 1674 867 1756 quinto
892 1674 1047 1758 synodus
1070 1673 1274 1738 universalis

160 1740 313 1832 didici&
325 1772 628 1858 Constantinopoli
662 1774 867 1839 celebratur.
925 1774 969 1838 In
996 1775 1084 1857 ipsa,
1114 1773 1275 1857 epistola,

324 1867 420 1956 'quae
455 1873 521 1938 Iba
552 1875 689 1953 dicitur,
715 1875 841 1939 erroris
863 1874 967 1957 plena
993 1874 1210 1958 reprobatur,
1240 1882 1276 1938 et

324 1973 542 2053 Theodorus,
551 1993 734 2058 personam
752 1974 957 2039 Mediatoris
968 1975 1036 2040 Dei
1052 1982 1087 2040 et
1097 1974 1275 2039 hommum

324 2075 361 2138 in
396 2075 531 2138 duabus
560 2075 762 2139 substantiis
802 2093 981 2158 separans,
1012 2074 1056 2139 ad
1085 2075 1275 2157 impietatis

324 2174 503 2257 perfidiam
522 2175 686 2240 cecidisse
698 2175 913 2239 convincitur
927 2182 963 2239 et
975 2174 1171 2238 damnatur.
1206 2173 1275 2238 Eo·

326 2273 403 2338 dem
431 2293 523 2338 anno
542 2267 738 2339 ⁸Jordanus
766 2276 948 2357 episcopus
972 2273 1151 2339 historiam
1176 2293 1275 2338 suem

326 2373 539 2438 terminavit.
591 2374 662 2438 Per
686 2375 777 2439 idem
807 2383 941 2457 tempus
965 2373 1187 2439 Justinianus
1202 2371 1277 2437 Au·

212 2491 214 2495 ’
326 2481 463 2556 gustus,
484 2474 530 2538 ab
544 2472 723 2558 Anthymo
738 2473 900 2539 haeretico
925 2474 1099 2551 seductus,
1122 2474 1230 2556 coepit
1255 2493 1277 2538 a

327 2572 394 2637 fide
435 2572 608 2638 catholica
645 2574 839 2653 declinare3
879 2576 973 2639 misit
1005 2593 1155 2656 nemque
1186 2592 1277 2638 uxor

327 2672 404 2757 ejus
417 2672 602 2738 Theodora
623 2673 667 2737 ad
683 2692 809 2757 papam
827 2673 1010 2757 Vigilium,
1031 2674 1214 2751 mandans,
1236 2682 1276 2739 nt

327 2770 543 2857 Anthymum
564 2782 755 2839 revocaret.
808 2775 938 2839 Fuerat
960 2774 1050 2840 euim
1076 2773 1277 2838 Constanti·

328 2874 550 2956 nopolitunus
580 2874 774 2957 episcopus,
804 2882 840 2938 et
867 2893 889 2937 a
918 2893 1012 2957 papa
1032 2872 1207 2957 Agapeto,
1235 2894 1277 2939 eo

328 2973 420 3057 quod
462 2972 633 3038 haereticis
673 2973 825 3050 favebat,
859 2973 1089 3056 degradatus3
1127 2981 1163 3038 et
1194 2975 1277 3057 quia

328 3091 421 3156 papo
447 3072 601 3156 Vigilius
632 3074 730 3138 illum
758 3093 922 3139 revocare
951 3073 1099 3152 distulit,
1124 3075 1160 3139 vi
1182 3093 1276 3139 com·

327 3173 465 3256 pulsum
489 3174 532 3237 ad
555 3193 593 3237 se
610 3174 729 3239 venire
748 3173 852 3253 fecit3
880 3174 1085 3257 quemdum
1114 3173 1277 3238 maximis

327 3271 479 3337 afficeret
502 3273 648 3357 injuriis,
673 3273 783 3338 fertur
806 3274 838 3338 ei
864 3274 994 3338 dixisse
1019 3292 1145 3357 papam
1174 3273 1276 3358 Vigi-

327 3372 424 3450 lium,
450 3372 522 3437 ‘Ut
537 3373 650 3449 video,
675 3393 745 3437 non
768 3394 823 3438 me
847 3373 1003 3439 lecerunt
1027 3374 1071 3438 ad
1094 3394 1132 3438 se
1158 3375 1277 3440 venire

364 3586 528 3651 'Ager-icus]
550 3589 592 3639 He
611 3589 672 3640 died
689 3590 731 3639 tho
752 3594 792 3638 let
848 3586 1035 3656 'JudamJ
1066 3590 1121 3638 The
1152 3589 1276 3640 historinn

328 3657 357 3709 ol
365 3658 507 3707 December
517 3663 573 3709 588.
814 3659 966 3722 Jornundes,
992 3659 1077 3722 styled
1106 3661 1140 3721 by
1163 3661 1279 3722 Sigehert

363 3724 450 3785 ¹011oe
464 3728 510 3777 Ilm
527 3729 640 3793 dicitu]
660 3729 715 3780 The
732 3729 791 3779 MS.
814 3730 904 3791 bishop
926 3730 956 3780 of
975 3731 1144 3791 Rauennate
1164 3729 1224 3780 here
1241 3731 1279 3778 in·

329 3799 404 3848 rende
426 3802 501 3859 ‘qus
526 3799 561 3847 ibi
588 3799 700 3860 dicitur‚’
728 3799 791 3847 from
815 3799 916 3850 tended.
953 3801 1028 3863 Upon
1039 3800 1082 3850 the
1093 3799 1229 3862 subjectos
1237 3799 1278 3848 his

330 3869 454 3930 sigebert.
487 3868 541 3918 Tho
556 3869 630 3918 letter
645 3868 750 3918 alluded
766 3874 791 3918 to
815 3870 909 3932 having
934 3871 999 3920 been
1026 3886 1085 3920 ever
1115 3871 1277 3919 consecrated

330 3938 411 3987 isone
422 3938 478 3987 suid
494 3945 520 3987 to
535 3938 599 3988 have
618 3940 681 3988 been
691 3939 791 3987 written
815 3940 915 4002 bishop,
931 3940 974 3989 the
993 3941 1083 3990 render
1101 3954 1159 4001 may
1178 3941 1279 3989 consult

330 4008 365 4069 by
387 4008 457 4069 Ibus,
477 4008 568 4071 hishop
590 4008 620 4058 oi
639 4010 746 4069 Edessa,
766 4013 792 4056 to
815 4010 856 4059 the
879 4010 980 4072 pretece
998 4014 1024 4059 to
1043 4010 1084 4059 his
1101 4009 1227 4058 chronicle
1243 4011 1278 4071 by

330 4077 413 4126 Muris
435 4078 530 4126 Peren:
554 4080 575 4126 it
597 4081 619 4127 is
641 4079 741 4140 printed
765 4078 791 4126 in
816 4079 950 4143 Murutori,
979 4081 1039 4132 Rer.
1059 4079 1119 4130 ltul.
1144 4079 1237 4141 Script.
1260 4080 1278 4130 i.

331 4147 472 4197 Horduin'e
490 4147 585 4197 edition
603 4149 633 4197 ot‘
648 4150 691 4198 the
708 4149 791 4198 Coun·
815 4165 841 4210 p.
854 4154 909 4200 let.

329 4217 387 4280 cilo,
396 4218 434 4267 iii.
445 4218 494 4267 col.
507 4221 562 4266 140.
