2888 4852
96 3276 100 3287 '
183 3293 294 3333 anon.

184 3343 262 3383 Monkr
271 3347 325 3384 esta·

183 3393 265 3433 blirhcd
273 3395 296 3433 iu

184 3442 270 3483 Exeter.

349 406 417 471 412
602 425 736 474 nocam
760 425 807 472 nn
830 424 1040 474 wunnovun

381 620 423 686 uo
438 644 491 687 ru
507 622 670 688 nouom
685 623 771 689 ton
789 624 961 710 aaronem
975 600 1149 710 capuam
1155 623 1271 708 snat.

401 744 505 811 Anno
522 749 663 812 Domini
679 764 896 813 nccccuxvr.
914 741 1043 812 ¹Dnnis
1063 768 1141 813 cum
1156 747 1303 829 Popone

349 847 474 911 clerico
498 849 533 911 in
553 849 713 912 convivio
736 849 778 913 de
804 849 941 912 cultura
962 848 1029 912 Dei
1053 848 1303 912 altercantibus

350 956 385 1010 et
401 946 556 1024 deorum,
571 948 683 1011 Dauis
705 949 939 1012 asserentibus
954 946 977 1011 J
981 948 1100 1011 hesum
1122 945 1300 1012 Christum

350 1046 464 1110 Deum
489 1066 576 1123 esso,
600 1048 659 1111 sed
682 1048 831 1131 majores
859 1067 935 1111 esse
959 1047 1041 1111 deos
1064 1054 1100 1112 et
1122 1047 1201 1111 illos
1223 1065 1302 1110 csse

349 1147 572 1228 antiquiores,
585 1145 728 1230 Poponc
738 1167 757 1211 o
766 1147 940 1211 contrario
952 1145 1143 1211 affirmante
1152 1145 1173 1209 J
1178 1145 1300 1209 besum

350 1243 527 1309 Christum
540 1247 652 1310 solum
668 1265 787 1311 verum
805 1247 918 1311 Deum
935 1265 1023 1323 esse,
1041 1265 1148 1310 unum
1165 1246 1202 1310 in
1216 1247 1301 1309 sub-

349 1344 480 1408 stantia
497 1353 532 1409 et
547 1347 674 1409 trinum
700 1347 737 1408 in
763 1347 933 1428 personis,
947 1366 1009 1409 rex
1025 1345 1205 1409 Dauorum
1221 1343 1300 1409 Ha-

349 1443 466 1508 roldus
481 1445 637 1510 condixit
653 1446 789 1524 clerico,
804 1454 844 1510 ut
861 1445 962 1508 fidem
978 1446 1192 1527 propositam
1209 1446 1299 1509 veri-

349 1543 432 1608 tatis
458 1544 654 1609 testimonio
679 1546 928 1628 comprobaret.
980 1543 1068 1608 Cum
1092 1544 1128 1608 id
1153 1545 1299 1608 clericus

348 1663 465 1708 coram
491 1645 619 1726 populo
642 1664 680 1708 se
707 1647 928 1726 probaturum
952 1642 1148 1720 affirmaret,
1170 1643 1299 1707 forrum

348 1743 500 1824 ingentis
523 1744 683 1827 ponderis
700 1744 800 1808 valde
825 1743 973 1825 ignitum
993 1745 1030 1806 in
1047 1733 1205 1807 manibus
1222 1743 1299 1827 ejus

349 1841 524 1906 ferendum
545 1851 702 1925 ponunt3
734 1844 827 1926 quod
853 1863 931 1907 cum
953 1844 1097 1907 clericus
1120 1863 1230 1925 usque
1253 1843 1298 1908 ad

348 1942 512 2024 placitum
535 1962 651 2007 coram
669 1943 827 2008 omuibus
845 1943 982 2006 tulisset
997 1944 1126 2026 absque
1142 1942 1214 2007 ulla
1235 1942 1298 2007 lae·

348 2041 456 2118 sione,
474 2062 549 2119 rex,
566 2043 704 2124 ponitus
718 2037 883 2127 ²abjectis
904 2043 1016 2120 idolis,
1034 2062 1072 2106 se
1085 2061 1235 2124 suosque
1253 2043 1298 2107 ud

347 2141 527 2205 colendum
543 2163 663 2207 verum
679 2150 714 2206 et
727 2143 838 2206 solum
857 2143 970 2207 Deum
985 2142 1167 2207 convertit.
1220 2139 1301 2206 Cle-

347 2240 438 2303 ricus
456 2260 538 2306 vero
556 2241 599 2305 ad
614 2242 851 2325 episcopatum
868 2250 1047 2324 promotus
1064 2248 1126 2305 est.

398 2379 440 2444 Ut
454 2401 509 2460 reo
523 2381 693 2467 Eodqaras
704 2381 794 2467 opud
807 2382 995 2446 Ramnetum
1009 2378 1256 2447 sonaimouiobo

756 2481 884 2546 miserit.

398 2602 503 2668 Anno
531 2604 673 2669 Domini
701 2621 932 2669 nccccnxvn.
954 2624 1017 2668 rex
1040 2604 1223 2686 Eadgarus
1245 2597 1300 2668 ³in

348 2706 556 2769 monasterio
581 2704 777 2781 Romeseie,
795 2704 886 2786 quod
910 2723 996 2766 avus
1016 2723 1101 2767 suus
1126 2723 1189 2767 rex
1206 2703 1300 2767 Ead-

348 2805 484 2868 wardus
500 2813 754 2880 construxerat,
770 2803 1048 2868 sanctimoniales
1062 2803 1300 2884 congregavit,

347 2912 573 2987 sanctamque
591 2904 820 2968 Merwinnam
847 2904 883 2967 in
906 2922 947 2967 eo
973 2903 1184 2966 abbatissam
1206 2903 1299 2967 ordi-

347 3003 455 3067 navit.

379 3151 423 3216 Ut
437 3174 492 3216 roa
504 3152 674 3238 Eodyoros
686 3152 776 3239 apud
788 3152 944 3217 Ecouiam
959 3151 1118 3215 monachos
1125 3149 1275 3236 posuerit.

396 3277 501 3341 Anno
528 3277 668 3341 Domini
696 3293 942 3342 uccccnxvnr.
968 3296 1031 3339 rex
1056 3274 1239 3356 Eadgarus
1260 3275 1298 3337 in

346 3374 485 3440 Exonia
510 3377 696 3441 monachos
721 3396 949 3459 congregans
966 3377 1076 3439 virum
1098 3374 1295 3455 religiosum

346 3473 591 3539 Sidemaunum
608 3476 676 3539 illis
695 3476 776 3559 jure
794 3475 930 3539 abbatis
947 3474 1112 3558 praefecit.
1166 3473 1297 3537 Eodem

346 3593 449 3652 anno,
464 3582 599 3639 mortuo
609 3568 798 3639 ⁴Lindissae
814 3575 964 3656 regionis
980 3574 1153 3657 episcopo,
1163 3570 1297 3636 Alisius

345 3674 399 3737 vir
414 3674 450 3736 in
467 3675 568 3737 rebus
584 3674 826 3748 ecclesiasticis
843 3673 998 3738 eruditus
1015 3672 1194 3738 successit.

380 3859 483 3910 ¹Donir
504 3874 559 3908 cum
582 3859 708 3922 popone]
733 3858 808 3909 Gom·
834 3858 933 3906 Simeon
945 3855 995 3904 aud
1006 3853 1229 3916 Floreuce,udun.
1238 3857 1297 3904 967.

343 3946 404 3993 paro
416 3929 655 3981 Petr.OiniAnnul.
668 3929 807 3989 inscriptt.
867 3924 1032 3987 ⁴Lindissoe,]
1062 3923 1101 3972 tor
1127 3923 1296 3974 Lindistame.

344 4001 403 4050 lter.
416 4001 484 4048 Dan.
496 4002 514 4049 i.
526 4015 553 4060 p.
566 4003 623 4048 173.
833 3996 883 4044 For
893 3995 935 4043 the
947 3992 1132 4043 successiones
1140 3993 1182 4042 the
1192 3993 1297 4054 bishops

377 4063 671 4136 ¹Aojectistuo1u.]1n
691 4067 733 4115 tbe
753 4070 807 4114 text
831 4064 860 4113 of
880 4065 994 4126 Lincoln,
1016 4078 1059 4112 seo
1089 4064 1167 4112 above
1190 4063 1216 4110 iu
1238 4067 1296 4113 bob.

341 4139 573 4257 ‘alo'jfcmyd⁰¹?''·
608 4208 633 4256 R
714 4205 789 4270 ,18
831 4134 947 4254 Aelffi
958 4134 1070 4253 3135ssss
1084 4137 1143 4195 99⁰,
1161 4131 1247 4182 where
1264 4133 1296 4182 ho

411 4223 427 4256 a
445 4223 587 4257 momerro
634 4221 741 4257 omesere.
790 4220 806 4253 o
831 4219 877 4254 isc
1072 4237 1079 4252 .
