2888 4852
441 421 580 470 neonus
602 421 871 472 nrsronrnauu.
1068 404 1135 472 199

181 578 340 654 setensis,
350 577 588 656 Berrucensis,
601 577 914 663 [Somersetensis,]
932 581 1133 645 Devouien-

182 678 242 754 sis,
254 675 512 742 Cornubiensis.
544 678 751 743 Scirebnrna
768 687 884 743 autem
898 680 1033 744 viculus
1044 680 1132 744 adeo

182 777 284 840 exilis
311 786 377 853 est,
403 779 496 861 quod
528 779 653 842 mirum
680 779 819 844 videtur
844 799 907 861 per
934 787 987 844 tot
1014 779 1133 844 secula

182 876 306 941 ibidem
326 878 564 960 episcopatum
580 877 733 942 durasse.

208 1073 251 1140 Ut
265 1096 319 1139 rea
335 1075 406 1158 Offo
420 1074 621 1140 mentalium
636 1076 793 1140 &cocum
808 1076 912 1141 Roma
925 1075 1105 1141 maacham

580 1172 728 1238 induerit.

193 1309 195 1312 ’
234 1295 339 1362 Anno
356 1298 478 1380 gratiae
499 1315 603 1363 οσον.
620 1291 882 1375 ¹Atbeldredus,
902 1318 964 1362 rex
984 1298 1134 1363 Mercio·
1146 1318 1257 1408 ssssgssssss·

183 1414 272 1474 rum,
295 1405 478 1480 postquam
505 1399 606 1462 annis
630 1399 775 1480 triginta
796 1399 1032 1462 strenuissime
1054 1418 1132 1480 reg·
1147 1418 1254 1458 neena.

184 1513 266 1558 num
294 1497 474 1574 tenuisset,
499 1497 688 1560 monachus
708 1496 862 1573 effectus,
887 1497 979 1579 apud
1002 1496 1133 1560 Barde·

185 1596 296 1659 neiam
314 1595 498 1660 defunctus
514 1603 579 1673 est,
598 1603 633 1659 et
647 1595 774 1659 ibidem
790 1596 959 1678 sepultus.
998 1594 1136 1661 Habuit

185 1714 245 1760 rex
263 1696 349 1759 duas
367 1714 501 1759 sorores
513 1696 665 1777 virgines
676 1688 1135 1771 sanctissimas,²Kinesdri·

184 1793 263 1857 dam
281 1804 317 1859 et
335 1793 601 1872 Kineswitham,
619 1794 739 1858 ambas
756 1796 800 1857 ab
817 1794 963 1858 infantia
986 1795 1063 1858 Deo
1082 1793 1135 1857 di·

184 1902 294 1971 catas,
304 1913 383 1976 quae
400 1894 515 1957 nobile
528 1894 741 1976 virginitatis
754 1895 970 1976 propositum
986 1891 1136 1958 nobilius

184 1994 421 2076 perduxerunt
443 1993 487 2056 ad
510 1995 666 2072 senium3
700 1992 761 2057 sed
783 1993 914 2077 junior,
937 2013 1006 2057 non
1028 1994 1136 2058 solius

184 2111 249 2156 sua
270 2093 383 2155 salute
402 2100 576 2166 contenta.
592 2087 738 2170 ³Offam‚
754 2111 919 2174 sponsum
937 2112 1050 2170 suum,
1068 2111 1136 2157 cae·

184 2192 265 2255 lesti
293 2211 401 2272 regno
431 2192 595 2256 restituit.
648 2192 826 2274 Regnavit
854 2199 970 2255 autem
1000 2191 1079 2255 ona
1099 2193 1289 2299 lumbers

184 2310 292 2372 regno
317 2291 536 2354 orientalium
557 2290 739 2355 Saxonum
756 2298 837 2373 post
854 2290 1083 2372 Sigebardnm
1101 2299 1138 2357 et
1219 2285 1224 2297 '

184 2389 389 2453 Seufredum
407 2391 527 2471 paucis
550 2390 662 2468 annis,
684 2388 886 2454 adolescens
898 2390 1043 2473 jocundi
1058 2390 1136 2455 vul·

185 2496 255 2567 tus,
279 2496 383 2553 aetate
399 2488 554 2567 floridus,
573 2488 665 2572 apud
682 2490 776 2554 cives
798 2509 881 2553 suos
899 2490 1061 2554 maximae
1082 2490 1136 2554 di·

184 2589 354 2666 lectionis,
369 2590 429 2672 qui
447 2588 676 2653 Kineswitbae
692 2589 848 2671 praefatae
864 2588 1016 2667 hortatu,
1036 2589 1136 2672 cujus

186 2690 325 2771 nuptias
346 2688 409 2752 illa
429 2696 620 2771 spreverat,
641 2689 798 2753 caelestes
820 2688 994 2771 suspirare
1013 2687 1137 2752 doctus

186 2806 334 2866 amores,
359 2781 527 2853 ⁴Romam
547 2788 714 2870 perrexit,
739 2788 855 2870 ibique
881 2794 1041 2852 attonsus
1068 2806 1137 2852 cae·

186 2888 254 2951 lica
275 2906 383 2969 regna
406 2887 552 2952 devotus
576 2888 786 2952 conscendit.
838 2885 975 2950 Harum
998 2893 1137 2951 sancta-

187 3007 263 3051 rum
302 2988 476 3069 virginum
512 2986 668 3069 reliquiae
704 2986 796 3068 apud
824 2985 1138 3065 Medesbamstede‚

187 3106 266 3170 quae
283 3086 369 3151 villa
385 3086 487 3150 modo
504 3088 684 3168 ‘Burgum
701 3087 812 3150 sancti
831 3083 948 3149 Petri'
964 3085 1100 3162 dicitur,
1117 3104 1139 3149 a

186 3185 317 3268 populo
345 3185 492 3251 feliciter
518 3192 738 3251 venerantur.
791 3185 922 3250 Eodem
955 3203 1046 3249 anno
1075 3203 1139 3248 rex

188 3282 575 3350 Northanhumbrorum
592 3280 767 3349 ⁶Alfridus
782 3286 881 3363 obiit,
897 3284 953 3348 cui
972 3283 1141 3348 successit

223 3524 231 3554 ¹
243 3527 654 3590 Atleldredas.]'l'beSax.Clrron.
714 3523 724 3554 ⁴
736 3528 838 3576 Romam
845 3519 981 3592 perrexit]
998 3524 1052 3573 The
1064 3539 1140 3586 expe·

188 3599 274 3661 places
287 3597 330 3647 the
341 3597 523 3646 abdicationes
534 3597 654 3646 Ethelred
678 3595 758 3645 dition
777 3596 806 3645 ot
821 3595 953 3646 (idenraed
972 3595 1023 3644 and
1038 3594 1099 3644 Offa
1114 3600 1141 3643 to

188 3670 213 3717 in
232 3672 289 3717 704.
326 3667 368 3716 lle
387 3681 443 3716 was
460 3667 603 3716 succeeded
620 3669 654 3727 by
679 3666 758 3715 Rome
776 3666 798 3714 is
818 3665 909 3726 placed
926 3666 961 3725 by
977 3664 1140 3714 Florencein

184 3728 348 3798 bisnephew
359 3737 501 3787 Cdenraed.
678 3739 737 3798 708,
752 3736 787 3796 by
797 3734 839 3784 the
855 3735 917 3783 Sax.
933 3734 1027 3785 Chron.
1044 3734 1141 3796 ium,

222 3826 442 3879 emmim„
451 3829 654 3894 fimum]
678 3804 859 3863 audbelowin
870 3807 928 3852 tta.
966 3803 1047 3866 Beda,
1058 3803 1085 3851 iu
1100 3803 1141 3853 his

188 3898 265 3948 Their
282 3899 346 3947 five,
366 3913 408 3947 m
425 3899 526 3961 printed
543 3901 569 3948 in
586 3900 654 3961 039,
677 3876 796 3935 epitome,
811 3875 897 3954 places
913 3875 934 3921 it
950 3873 976 3922 iu
988 3877 1045 3934 709,
1055 3872 1140 3922 which

190 3968 431 4032 graveffolfflffi·
677 3943 884 4004 probablyrsthe
895 3948 991 3993 conect
1000 3943 1069 3992 date.
1093 3943 1142 3992 See

224 4060 235 4091 θ
602 4061 607 4075 ,
679 4013 757 4075 Pagi,
767 4013 801 4061 ad
812 4027 853 4062 an.
865 4009 983 4077 lomb.

248 4061 335 4126 offam
342 4062 477 4126 aponum]
486 4062 654 4123 Kyneswrtha

190 4147 245 4182 was
256 4132 399 4195 betrothed,
414 4134 460 4182 but
477 4137 520 4182 not
536 4134 654 4195 married,
714 4128 875 4192 misr-tam]
895 4130 937 4178 lle
953 4129 1015 4178 died
1032 4134 1059 4179 at
1072 4126 1144 4178 Dril-

194 4208 220 4252 to
231 4202 300 4253 oua.
679 4200 739 4250 field
749 4216 757 4262 ς
774 4201 835 4251 Sar.
848 4198 943 4250 Ghron.
956 4199 990 4249 ad
1001 4212 1043 4249 an.
