2888 4852
350 421 416 486 462
606 436 739 485 nouam
765 437 812 484 nn
834 436 1042 486 wnunovnn

350 614 476 678 pueros
494 594 538 659 ad
565 569 812 672 'Salomonem
830 593 1025 677 Hungnriae
1042 611 1172 675 regem,
1192 592 1310 657 nutri·

350 695 458 760 endos
483 703 518 760 et
540 695 623 759 vitae
655 694 881 760 reservandos
913 693 1117 770 transmisit,
1147 692 1207 756 ubi
1239 693 1307 757 ali-

351 795 504 877 quandiu
516 795 702 859 honorifice
718 794 926 872 conversati,
939 793 1152 858 Eadwardus
1166 795 1306 875 accepit

350 913 494 960 uxorem
510 895 640 977 reginae
656 894 849 978 Hungariae
862 915 1028 971 sororem,
1043 895 1180 957 nomine
1191 886 1307 974 'Aga-

349 993 458 1072 tham,
473 1014 519 1058 ex
533 1015 602 1078 qua
622 1015 786 1078 processu
807 996 973 1079 temporis
998 993 1084 1058 duos
1099 994 1189 1058 filios
1205 992 1303 1057 Ead-

349 1094 514 1159 mundum
535 1103 570 1160 et
583 1089 802 1178 ⁸Eudgar11m
825 1095 1029 1177 generavit3
1053 1095 1173 1176 genuit
1193 1092 1301 1157 etiam

348 1213 393 1258 ex
408 1214 451 1258 ea
472 1194 560 1258 duas
580 1195 682 1272 filias,
698 1188 954 1277 ⁴Margaretam
971 1193 1103 1259 scilicet
1119 1202 1155 1259 et
1167 1188 1303 1257 ⁵Chris-

348 1294 493 1372 tianam,
531 1295 574 1359 de
609 1296 736 1378 quibus
773 1295 917 1360 inferius
945 1313 1009 1359 suo
1044 1295 1122 1359 loco
1151 1292 1300 1358 dicetur.

348 1393 447 1458 Inter
471 1395 545 1459 haec
573 1395 689 1458 omnia
717 1394 777 1458 filii
805 1396 897 1479 regis
928 1394 1117 1471 Ethelredi,
1141 1412 1228 1477 quos
1252 1413 1300 1457 ex

347 1491 472 1558 Emma
483 1496 604 1578 regina
617 1504 830 1579 susceperat,
842 1495 1005 1560 Alfredus
1021 1502 1058 1559 et
1069 1493 1306 1571 Eadwardus,

346 1594 526 1660 audientes
550 1596 720 1660 saevitiam
744 1595 928 1672 Cnutonis‚
949 1603 1044 1660 tutas
1064 1587 1234 1658 ‘latebras
1261 1595 1299 1657 in

347 1693 564 1759 Norman'nia
594 1695 750 1760 fecerunt
788 1716 866 1760 oum
905 1695 1078 1760 avunculo
1113 1714 1175 1758 suo
1206 1694 1297 1758 duce

346 1793 510 1860 Ricardo.
555 1794 656 1860 Alios
679 1816 773 1873 vero,
801 1815 1025 1879 quoscunque
1051 1796 1093 1859 de
1120 1795 1216 1875 regio
1242 1812 1300 1857 se-

345 1895 436 1959 mine
453 1895 610 1960 audierat
626 1905 821 1978 generatos,
835 1897 926 1960 idem
944 1896 1059 1960 Cnuto
1074 1895 1110 1958 in
1132 1894 1297 1958 exsilium

345 1995 498 2073 mittens,
515 1997 576 2078 jus
601 1996 698 2078 regni
715 1994 856 2078 Angliae
878 1997 950 2059 suis
967 1994 1159 2059 haeredibus
1184 2013 1298 2057 reser-

344 2114 428 2159 vare
453 2097 600 2160 curavit.
654 2096 784 2159 Eodem
809 2115 913 2173 anno,
935 2095 1099 2160 defuncto
1116 2094 1298 2176 Wigorni·

345 2196 420 2260 ensi
434 2198 598 2279 episcopo
609 2187 801 2273 'Wlstaua
815 2189 1007 2272 meursius,
1022 2196 1129 2260 abhus
1144 2194 1297 2258 Thorni-

345 2296 449 2374 ensiS,
466 2296 703 2378 episcopatum
718 2297 881 2379 suscepit.

464 2455 566 2548 Quod
578 2489 631 2532 ros
650 2468 748 2533 Cotto
764 2470 908 2533 Emmaus
922 2468 1013 2532 davit
1026 2490 1158 2532 oaorem.

394 2590 498 2656 Anno
531 2592 673 2656 Domini
703 2609 840 2656 uxvlu.
869 2593 955 2657 obiit
982 2591 1122 2673 Algiva,
1153 2591 1293 2656 Elselmi

343 2693 479 2757 comitis
496 2693 568 2756 filia
592 2701 627 2756 et
649 2712 738 2756 uxor
754 2692 846 2774 regis
863 2692 1045 2770 Cnutonis,
1058 2712 1101 2755 ex
1117 2711 1186 2773 qua
1202 2691 1294 2755 duos

343 2792 464 2857 habuit
476 2793 578 2871 filios,
587 2792 739 2856 Suanum
750 2792 910 2856 videlicet
921 2800 956 2856 et
971 2790 1177 2869 Haroldum,
1191 2785 1294 2856 ⁹licet

339 3081 343 3087 ·
376 3047 567 3114 'Sulmonem
583 3051 646 3100 This
661 3050 752 3100 should
770 3051 801 3099 he
827 3052 892 3113 sius,
913 3052 968 3100 also
998 3050 1080 3101 called
1108 3050 1240 3101 Leoirious
1264 3054 1292 3102 in

340 3116 528 3182 ‘Stephanum’
565 3121 681 3170 Solomon
697 3121 742 3169 did
759 3126 802 3170 not
827 3122 869 3171 the
880 3121 972 3173 Annei.
986 3122 1148 3183 Petroburg„
1159 3122 1235 3171 could
1247 3128 1293 3172 not

341 3192 434 3240 ascend
446 3191 488 3240 the
500 3191 587 3240 throne
599 3192 663 3240 until
675 3195 748 3240 1064.
827 3192 891 3241 have
910 3191 1051 3241 succeeded
1061 3192 1127 3240 until
1137 3191 1205 3242 then.
1242 3194 1291 3242 See

375 3259 529 3323 ’Agathou
552 3262 564 3325 ]
600 3263 650 3310 She
677 3275 732 3310 was
758 3259 801 3309 the
826 3262 905 3325 Angl.
916 3263 987 3312 Sacr.
998 3262 1016 3312 i.
1028 3278 1055 3324 p.
1066 3265 1124 3311 «173.

340 3330 465 3393 daughter
480 3331 509 3380 oi
522 3331 564 3381 the
581 3346 696 3395 emperor
712 3332 801 3392 Henry
860 3361 872 3396 ⁸
879 3363 1074 3430 Romame
1086 3364 1290 3415 nmeossm,

340 3401 557 3589 ssrssuht]
582 3471 800 3534 meeu-
826 3437 904 3569 tu
922 3430 1290 3567 usus

368 3556 393 3603 Β·
828 3580 907 3635 10183
931 3575 974 3623 the
996 3590 1070 3624 name
1087 3574 1116 3625 of
1129 3576 1246 3624 Wulstsn
1263 3575 1292 3624 os

340 3608 801 3742 messuistis:
826 3644 1084 3766 gggkdggfpfgggff
1099 3645 1179 3694 Μ·
1214 3644 1290 3694 ¹⁴00‘·

339 3750 408 3800 land.

374 3819 384 3849 ⁵
397 3814 585 3888 Christianum]
596 3835 612 3868 a
622 3835 684 3869 nun.
860 3817 871 3850 ⁹
883 3819 953 3868 hicet
964 3818 1008 3867 atii
1019 3815 1122 3877 dicunt]
1137 3817 1191 3866 ΤΙιο
1202 3817 1286 3867 Saxon

373 3887 800 3954 οΙιαίεὶπαεὺιΝονηιαπνιιίι.](ἶοιιι-
826 3890 919 3939 Chron,
941 3888 973 3937 ad
996 3903 1037 3937 an.
1061 3892 1135 3948 lusu,
1155 3902 1288 3949 expresses

338 3976 399 4024 pure
411 3963 580 4022 Mslmsbury‚
591 3976 616 4021 p.
630 3965 686 4010 319.
825 3960 867 4010 the
885 3975 954 4008 sume
973 3959 1052 4007 doubt
1063 3957 1092 4007 oi
1106 3953 1225 4007 Harold's
1241 3973 1288 4019 pa·

371 4030 382 4062 ⁷
398 4025 531 4100 Wtstono.]
549 4032 591 4079 He
602 4032 624 4079 is
636 4032 763 4092 supposed
775 4037 800 4080 to
825 4037 910 4090 rents;
933 4029 1051 4078 Florence
1074 4029 1124 4077 and
1147 4028 1230 4088 Rulph
1253 4028 1286 4076 de

336 4101 401 4151 have
424 4104 487 4151 been
509 4102 550 4150 the
577 4116 646 4150 same
668 4101 730 4150 with
758 4101 800 4149 the
825 4101 926 4160 Dicam,
942 4099 996 4148 thst
1007 4098 1111 4161 Eligit'e,
1121 4099 1213 4146 unable
1230 4097 1288 4146 her·

335 4172 487 4235 urchbishop
499 4171 528 4221 oi
536 4171 606 4220 York
618 4171 647 4220 os
655 4171 710 4221 that
718 4186 800 4232 name,
825 4172 908 4221 solito
919 4170 980 4218 bear
989 4169 1031 4217 the
1047 4169 1137 4231 iringa
1147 4182 1201 4226 son,
1214 4181 1287 4228 pass·

334 4242 394 4292 who
412 4242 472 4292 died
491 4244 517 4291 in
536 4245 617 4303 1023ς
634 4240 658 4289 ii
672 4257 709 4305 so,
727 4241 800 4291 Leos-
824 4241 855 4290 ed
868 4255 935 4302 upon
946 4238 998 4287 him
1006 4238 1049 4287 the
1059 4253 1104 4287 son
1112 4238 1141 4287 oi
1148 4253 1164 4286 a
1175 4237 1286 4287 eohhler.
