2888 4852
441 429 579 478 rnonns
602 428 872 477 nrsronrsnun.
1006 396 1009 399 ’
1085 409 1130 474 37

177 606 245 668 que
270 594 371 668 parte
395 593 605 670 pugnantes,
627 586 831 668 sanguinem
856 603 926 647 non
950 583 1125 646 minimum

178 685 414 769 perfuderunt,
427 686 489 751 sed
503 687 651 752 victoria
665 686 771 750 dubia
783 692 819 749 et
832 683 920 747 adeo
932 683 1125 765 lachryma-

179 786 257 850 bilis
273 787 352 864 fuit,
369 787 473 870 quod,
491 787 600 851 multo
625 793 747 868 postea
770 790 936 865 tempore,
951 803 1014 846 neo
1034 782 1124 847 Sax-

178 905 261 950 ones
286 886 373 950 fines
398 886 592 963 Britonum,
615 905 678 950 nec
704 884 864 949 Britanni
885 882 1046 947 Cantium
1071 883 1125 944 in-

176 993 269 1049 trare
305 993 567 1066 praesumerent.
634 985 793 1050 Saxones
830 1002 913 1047 vero
951 982 1123 1065 quendam

174 1085 364 1168 principem
385 1104 562 1168 magnum,
579 1084 731 1168 Wipped
752 1082 975 1167 appellatum,
997 1080 1123 1145 ibidem

176 1185 267 1248 inter
285 1192 431 1249 caeteros
452 1185 662 1262 amittentes,
685 1184 799 1248 locum
822 1180 904 1245 belli
923 1181 967 1244 ad
993 1200 1121 1245 memo·

176 1284 263 1347 riam
278 1285 388 1367 ipsius
404 1283 652 1366 Wipedesflete
667 1288 888 1347 vocaverunt.

223 1382 330 1447 Anno
343 1385 466 1467 gratiae
474 1399 693 1448 ccocnxxw.
704 1381 930 1457 Claudianus,
943 1380 1124 1463 presbyter
1134 1397 1189 1439 sn.
1198 1398 1243 1438 m.

178 1483 400 1561 Viennensis,
417 1485 468 1548 vir
487 1485 524 1548 in
546 1485 648 1547 rebus
670 1481 913 1549 ecclesiasticis
937 1480 981 1543 ad
1003 1479 1122 1563 dispu-

178 1583 319 1648 tandum
335 1583 485 1660 subtilis,
501 1582 629 1647 floruit.

275 1760 413 1844 Prosper
427 1767 534 1823 contra
549 1757 707 1842 Eutychen
720 1755 877 1842 epistolam
890 1751 1025 1837 scripsit.

224 1883 330 1948 Anno
347 1883 470 1965 gratiae
495 1898 698 1947 ccocnxxv.
721 1881 884 1963 Prosper,
902 1876 1124 1960 Aquitanicae
1136 1892 1246 1935 snos

177 1984 338 2065 regionis,
365 1984 548 2047 adversum
575 1981 756 2065 Eutychen
787 1978 933 2045 dictavit
958 1975 1124 2059 epistolas

178 2083 218 2148 de
242 2102 326 2147 vera
353 2081 592 2147 incarnatione
625 2081 754 2147 Christi
782 2087 817 2144 et
841 2079 949 2144 libero
980 2076 1124 2140 arbitrio

177 2183 265 2247 male
281 2182 498 2246 sentientem.

494 2353 582 2418 Nota
596 2351 792 2418 miraculum.

220 2474 327 2541 Anno
337 2476 460 2558 gratiae
470 2493 690 2541 ccccnxxvr.
703 2470 887 2555 ¹Hilarius,
898 2477 1020 2542 Romae
1029 2476 1124 2540 urbis
1137 2489 1248 2589 mg·

179 2577 373 2660 episcopus,
395 2575 572 2660 prohibuit
586 2596 629 2640 ne
651 2576 766 2641 clerici
781 2576 895 2641 laicali
910 2577 1031 2642 habitu
1049 2583 1123 2641 ute·
1136 2590 1209 2639 1:151-

178 2685 307 2753 rentur,
331 2676 542 2759 preshyteris
558 2675 662 2740 etiam
686 2676 895 2740 concubinas
917 2695 999 2740 suas
1019 2677 1126 2741 inter-

177 2775 275 2840 dixit.
344 2775 476 2840 Eodem
509 2783 675 2857 tempore,
706 2775 787 2839 dum
821 2774 1029 2852 Clodoveus,
1061 2795 1123 2838 rex

179 2874 403 2953 Francorum,
418 2882 540 2938 contra
556 2873 770 2939 Alemannos
782 2874 985 2957 confligeret
1000 2882 1035 2938 et
1049 2874 1124 2958 ejus

178 2975 333 3055 graviter
354 2975 529 3039 exercitus
551 2974 746 3050 laederetur,
772 2973 917 3038 elevatis
941 2976 977 3037 iu
1001 2972 1124 3038 ceelum

156 3083 160 3089 '
178 3074 301 3150 oculis,
319 3073 420 3151 dixit,
436 3067 464 3108 ²‘
476 3073 624 3138 Domine
641 3073 665 3136 J
668 3092 729 3138 esu
745 3072 894 3150 Christe,
911 3093 1012 3157 quem
1035 3090 1126 3136 uxor

177 3193 256 3237 mea
272 3167 504 3238 'chrothildis
521 3172 617 3250 colit,
630 3180 726 3236 tuam
742 3192 843 3256 opem
865 3173 1011 3238 devotus
1030 3171 1124 3235 effla·

178 3273 264 3354 gito.
317 3273 407 3338 Etsi
428 3271 511 3337 mihi
526 3272 562 3335 in
574 3271 640 3337 hoo
661 3273 847 3336 certamine
862 3272 1042 3338 victoriam
1065 3270 1125 3335 de·

178 3372 283 3449 deris,
305 3372 348 3436 de
371 3378 466 3436 certo
487 3371 623 3436 credam
650 3378 685 3435 et
708 3371 745 3435 in
768 3377 830 3435 tuo
854 3372 990 3435 nomine
1011 3370 1124 3454 bapti-

178 3471 307 3536 zabor!
358 3470 462 3550 Quod
484 3490 562 3534 cum
580 3470 737 3548 dixisset,
750 3469 934 3534 Alemanni
955 3472 991 3534 in
1007 3471 1125 3551 sugam

179 3572 249 3634 acti
265 3578 359 3649 suut,
382 3578 418 3635 et
435 3589 498 3634 rex
525 3590 604 3635 oum
632 3568 806 3652 triumpho
828 3570 873 3633 ad
900 3570 1048 3652 patriam
1072 3588 1125 3632 re-

216 3931 374 3997 ¹Hilotae]
391 3931 505 3982 Another
522 3931 642 3982 anechm·
665 3931 810 3993 happening
820 3930 911 3978 initio.
928 3929 1024 3978 Sechir
1031 3928 1127 3990 werke,

180 4004 254 4066 niem,
264 4004 334 4053 since
344 4003 438 4065 Hilary
449 4002 510 4052 died
521 4003 548 4051 in
559 4005 617 4052 468.
665 4002 727 4051 edit.
741 4003 813 4060 losa,
824 3998 872 4048 col.
883 4003 924 4048 82.

700 4067 712 4100 ⁸
736 4069 915 4133 chrothildis,]
942 4082 971 4117 or
992 4065 1127 4124 Clotildis3

215 4139 226 4169 ¹
244 4142 348 4190 Domine
369 4142 455 4206 desa]
479 4141 542 4189 'l’his
564 4141 640 4190 isre-
666 4140 802 4202 according
818 4143 844 4188 to
859 4139 980 4188 Hermen.
999 4136 1126 4184 Contrect.

181 4211 273 4262 corded
291 4213 325 4273 by
338 4212 456 4276 Gregory
472 4211 501 4261 ol
514 4211 596 4260 Tonre
613 4224 641 4260 ss
667 4208 802 4271 Rodhflde,
809 4224 838 4258 or
848 4205 1128 4266 Bruodhilde,an.lvo.
