2888 4852
400 428 538 477 rnonns
562 429 830 476 nrsronrnnuu.
1023 413 1089 477 433

136 584 244 664 igitur
268 584 499 648 cardinalibus
527 603 592 648 sua
614 584 673 647 diu
698 584 853 648 facinora
880 585 1086 668 deploravit,
1099 603 1218 654 nerana

137 683 262 765 quibus
284 684 464 766 inopinato
480 690 621 765 stupore
643 684 809 765 perculsis
824 704 887 748 nec
901 686 1085 767 quicquam
1098 656 1192 697 om

87 816 92 827 ·
137 783 233 864 loqui
248 783 456 858 valentibus,
472 783 530 845 ille
545 802 616 865 prce
634 782 751 847 dolore
768 782 930 848 hebetata
951 785 1085 849 ratione

136 883 332 947 minutatim
353 903 390 945 se
413 881 573 945 dilaniari
593 890 629 945 et
651 883 866 946 membratim
889 883 981 947 foras
1003 903 1084 965 pro·

133 981 196 1064 jici
213 982 341 1064 jussit;
377 980 566 1056 ‘Habeat'
588 980 712 1061 inquit,
735 983 987 1046 ‘membrorum
1010 982 1083 1047 offi-

137 1082 240 1157 cium,
263 1083 323 1163 qui
344 1101 462 1145 eorum
484 1080 645 1161 quaesivit
671 1079 881 1161 homagium,
904 1101 982 1146 nam
1008 1084 1082 1145 ani·

136 1200 213 1243 mus
229 1201 324 1244 meus
337 1199 513 1262 nunquam
524 1179 608 1242 illud
628 1179 846 1258 maleficium,
857 1182 961 1245 immo
976 1183 1083 1244 sacri·

136 1279 275 1362 legium,
293 1275 491 1344 adamavit'

408 1454 457 1519 De
472 1454 611 1519 thesauro
627 1454 800 1520 Octaviani.

187 1571 245 1640 In¹
262 1577 382 1642 diebus
401 1579 503 1664 hujus
521 1579 702 1645 Gereberti
718 1581 783 1644 fuit
805 1599 912 1662 prope
931 1579 1080 1643 Romam

133 1678 170 1740 in
198 1696 320 1759 campo
347 1678 476 1742 Martio
506 1686 625 1744 statua
653 1680 811 1762 quaedam
839 1698 949 1756 aenea,
979 1679 1079 1762 cujus

133 1776 259 1841 dextra
281 1797 405 1841 manus
427 1778 573 1859 digitum
600 1779 730 1843 habens
755 1785 948 1852 extentum,
977 1797 1079 1859 quem

132 1875 278 1940 indicem
293 1875 451 1952 dicimus,
461 1884 497 1940 et
510 1878 676 1960 scriptum
693 1878 729 1941 in
744 1878 869 1960 capite,
884 1882 894 1911 ‘
908 1875 989 1939 Hoc
1001 1896 1079 1958 per·

132 1975 235 2038 cute!
285 1975 365 2039 Hoc
382 1983 534 2057 percute,
553 1976 617 2040 hoc
632 1977 725 2040 illius
742 1976 906 2058 temporis
922 1974 1079 2038 homines

131 2073 182 2137 ita
197 2074 458 2156 intelligendum
474 2083 694 2157 putaverunt,
709 2074 800 2157 quod
815 2076 850 2137 in
866 2081 986 2138 statua
1002 2073 1078 2138 the·

131 2192 272 2236 saurum
298 2173 505 2252 invenirent,
531 2174 647 2238 multis
666 2193 751 2249 ¹earn
777 2175 994 2238 innocentem
1023 2192 1078 2236 se·

132 2272 264 2335 curium
291 2272 417 2337 ictibus
444 2272 593 2337 inaniter
619 2274 818 2353 laniabaut3
853 2272 913 2336 sed
939 2271 1077 2336 illorum

132 2370 343 2436 Gerebertus
368 2392 517 2437 errorem
540 2373 642 2437 aliter
663 2392 852 2455 exponens,
872 2373 908 2436 in
936 2371 1076 2436 meridie

131 2472 204 2536 sole
229 2472 264 2535 in
290 2478 410 2536 centro
436 2474 621 2549 existente,
641 2473 777 2537 notavit
798 2493 867 2555 quo
892 2491 930 2535 se
955 2472 1078 2536 umbra

130 2572 333 2636 extenderet
352 2577 387 2635 et
405 2570 453 2634 ibi
468 2572 585 2654 palum
602 2572 692 2637 fixit.
734 2572 819 2636 Mox
839 2578 940 2635 nocte
956 2590 1077 2653 super·

129 2671 299 2748 veniente,
316 2670 392 2734 solo
410 2672 620 2735 cubiculario
636 2671 812 2734 lucernam
833 2676 995 2751 portante
1018 2688 1076 2732 co·

129 2769 286 2846 mitatus,
303 2789 344 2833 eo
359 2769 548 2846 contendit,
571 2771 618 2833 ibi
637 2777 764 2833 terram
785 2769 897 2833 solitis
920 2769 1076 2831 incanta·

129 2870 281 2934 tionibus
298 2868 469 2951 aperienS,
486 2868 594 2931 latum
611 2867 882 2950 ingredientibus
896 2867 1076 2931 introitum

129 2967 304 3050 patefecit,
327 2975 581 3049 conspexerunt
609 2968 731 3050 ingens
755 2966 923 3049 palatium
951 2984 1075 3029 aureos

129 3066 260 3131 habens
278 3067 440 3150 parieteS,
456 3085 563 3130 aurea
577 3067 764 3143 lacunaria,
780 3083 886 3129 aurea
899 3065 1074 3142 universa,

129 3166 248 3231 vident
272 3166 400 3230 milites
424 3186 547 3231 aureos
573 3165 687 3229 aureis
708 3164 859 3240 tesseris,
876 3166 978 3246 quasi
1001 3165 1076 3228 ani.

129 3286 222 3330 mum
253 3266 477 3343 oblectantes,
511 3285 626 3347 regem
657 3284 795 3349 quoque
829 3264 1074 3345 conspicantur

128 3366 338 3431 metallicum
361 3385 439 3429 cum
464 3365 584 3446 regina
606 3363 888 3440 discumbentem,
914 3364 1075 3446 apposita

128 3466 269 3543 fercula,
287 3465 463 3529 ministros
489 3464 680 3541 adstantes,
697 3470 838 3546 pateras
864 3462 963 3527 multi
986 3483 1072 3546 pon·

128 3565 219 3629 deris
248 3573 284 3630 et
312 3564 427 3647 pretii,
449 3564 509 3627 ubi
531 3571 691 3628 naturam
713 3564 875 3626 vincebat
902 3582 1009 3644 opus3
1037 3562 1073 3629 in

127 3664 280 3728 interiori
297 3671 395 3746 parte
410 3663 544 3741 domus,
559 3663 648 3746 lapis
663 3661 892 3728 carbunculus
913 3662 1074 3729 tenebras

127 3763 239 3826 noctis
259 3761 414 3842 fugavit3
444 3763 480 3825 in
502 3764 675 3827 contrario
698 3762 828 3845 angulo
853 3761 969 3825 stabat
989 3778 1075 3842 puer

127 3880 245 3925 arcum
272 3867 391 3924 tenens
414 3869 556 3925 extento
582 3881 688 3926 nervo
713 3870 749 3925 et
773 3863 909 3924 intenta
930 3860 1073 3940 sagitta,

126 3962 176 4025 ita
190 3959 282 4042 quod
298 3960 333 4022 in
349 3960 507 4023 omnibns
522 3969 677 4024 nostrum
698 3959 949 4024 tentationibus
968 3958 1075 4021 intui·

246 4207 252 4237 ¹
266 4210 297 4258 Iu
308 4208 393 4258 diebus
404 4208 476 4269 badae
488 4210 637 4275 timberti]
655 4212 775 4262 Maiursb.
788 4208 883 4348 Ηίιιῖξ
895 4213 952 4258 170.

176 4302 255 4350 VOL.
275 4301 299 4347 1.
906 4301 925 4347 F
