2888 4852
321 398 387 464 518
578 413 713 462 aonam
738 412 785 460 nn
808 411 1016 462 wunnovnn

323 570 427 636 armis
451 570 621 651 invictos3
645 568 786 634 adhaec
809 562 929 634 ¹t'rater
950 569 1054 652 regis,
1071 567 1190 635 Gnrtb
1214 588 1288 636 no·

322 673 426 748 mino,
442 672 496 735 vir
512 671 605 735 ultra
621 677 761 735 aetatem
775 670 926 752 ingentis
941 669 1095 735 scientiae
1110 677 1146 735 et
1162 671 1285 735 virtu·

323 773 380 848 tis,
398 771 514 855 rapuit
530 790 723 835 sermonem
744 789 790 834 ex
805 789 865 834 oro
879 768 957 855 ejus
973 769 1111 850 dioens3
1139 767 1287 850 ‘Cum,'

322 871 446 954 inquit,
469 877 625 935 ‘tantam
644 869 926 935 Normannorum
948 869 1114 953 praedices
1132 869 1283 934 sortitu·

323 971 449 1048 dinem,
472 970 708 1035 inconsultum
737 970 899 1035 existimo
932 989 1011 1034 curn
1041 968 1127 1053 ipsis
1150 970 1283 1034 confli-

323 1090 416 1153 gere,
434 1071 560 1153 quibus
582 1069 724 1134 inferior
747 1069 870 1135 merito
893 1075 929 1133 et
949 1071 1073 1134 robore
1090 1069 1280 1152 babearis;

323 1188 386 1233 nec
409 1171 500 1233 enim
522 1169 759 1234 contradicere
774 1169 885 1248 vales,
901 1170 985 1252 quin
1001 1169 1080 1234 duci
1094 1168 1281 1236 Willelmo

323 1276 576 1334 sacramentum
593 1270 715 1335 feceris
729 1269 937 1347 voluntarie,
953 1269 1010 1334 vel
1023 1268 1164 1347 invitus,
1180 1270 1280 1347 unde

323 1369 514 1433 consultius
536 1389 632 1452 ages,
648 1369 728 1433 siin
747 1369 893 1433 instanti
910 1369 1116 1433 necessitate
1135 1376 1171 1433 te
1190 1371 1280 1434 sub-

324 1470 456 1548 trahas,
474 1490 529 1548 ne,
549 1470 580 1534 si
602 1469 762 1553 perjurus
787 1468 981 1548 decertans,
999 1469 1055 1533 vel
1078 1468 1196 1552 fugam
1216 1470 1280 1535 vel

323 1577 469 1633 mortem
490 1570 659 1647 incurras,
684 1568 745 1632 sed
773 1588 836 1632 nos
865 1569 1005 1633 omnino
1034 1587 1056 1632 a
1074 1568 1281 1652 juramento

323 1669 476 1752 expediti
493 1669 629 1753 justum
655 1669 882 1751 suscipiemus
905 1668 1044 1745 bellum,
1066 1688 1130 1752 pro
1154 1670 1278 1750 patria

322 1770 531 1851 pugnaturi3
548 1769 598 1833 sic
613 1769 713 1832 nobis
728 1769 963 1851 pugnantibus
979 1768 1075 1846 solis,
1088 1787 1195 1832 causa
1212 1777 1280 1834 tua

322 1868 358 1932 in
382 1868 506 1932 melius
530 1868 801 1951 prosperabitur,
820 1866 902 1931 dum
928 1887 993 1933 nos
1017 1868 1190 1950 fugientes
1218 1889 1278 1932 re·

322 1969 478 2045 stituoro,
504 1968 558 2032 vel
583 1974 739 2032 mortuos
765 1968 884 2033 valeas
908 1967 1108 2032 vindicare?
1147 1967 1280 2035 Noluit

324 2075 439 2131 autern
463 2066 613 2133 Haroldi
630 2068 816 2133 'temeritas
843 2086 960 2131 aurern
986 2067 1156 2150 placidam
1184 2087 1280 2149 prae-

323 2168 404 2231 bere
421 2169 588 2246 monenti,
605 2168 792 2250 inglorium
811 2168 1016 2232 existimans
1035 2175 1071 2232 et
1087 2169 1169 2233 vitae
1184 2187 1280 2250 prae·

324 2268 436 2332 teritae
449 2268 683 2351 opprobrium,
693 2267 853 2351 cuiquam
870 2267 962 2332 bosti
976 2274 1076 2350 terga
1086 2267 1278 2333 denudare.

320 2408 322 2412 Α
378 2441 467 2522 Quod
479 2442 642 2507 mortoolm
655 2465 677 2508 o
692 2444 768 2508 duce
791 2443 943 2509 Wilblmo
958 2445 1067 2508 nciam
1079 2441 1225 2508 Horoldo

658 2545 724 2608 tria
733 2542 933 2630 proponebat.

161 2713 272 2755 ,mmm
373 2666 461 2731 Cum
479 2667 554 2733 hacc
571 2668 654 2732 dicti
674 2668 799 2732 fratres
824 2668 869 2732 ad
891 2669 1039 2732 invicem
1061 2666 1276 2731 sermocina-

160 2767 279 2866 ffilm‘
322 2774 452 2845 rentur,
468 2769 668 2851 supervenit
683 2768 870 2832 monachus
887 2768 1025 2851 quidam
1044 2786 1066 2830 a
1083 2766 1170 2830 duce
1181 2766 1276 2830 Wil-

323 2867 425 2932 lelmo
438 2869 674 2944 transmissus,
689 2869 748 2950 qui
765 2887 809 2931 ex
824 2875 923 2950 parte
938 2867 1014 2951 ejus
1030 2866 1189 2930 Haroldo
1206 2867 1276 2930 tria

322 2969 549 3050 proponebat,
572 2975 612 3032 ut
636 2968 690 3032 vel
718 2986 740 3031 a
768 2987 876 3049 regno
897 2968 1004 3051 juxta
1029 2986 1130 3029 suum
1154 2984 1275 3029 sacra-

321 3074 476 3131 mentum
501 3067 691 3144 decederet,
713 3067 769 3131 vel
794 3068 925 3131 subeo
953 3073 1162 3148 regnaturus
1191 3085 1274 3147 reg·

322 3187 405 3231 num
438 3174 582 3243 teneret,
607 3167 664 3230 vel
693 3166 854 3249 deniquo,
879 3174 1061 3250 spectante
1091 3165 1273 3229 amborum

322 3268 490 3344 exercitu,
510 3266 575 3330 soli
592 3286 664 3330 rem
680 3266 806 3348 gladiis
821 3267 1043 3331 ventilarent.
1097 3264 1186 3328 Haec
1209 3284 1275 3327 au·

322 3367 419 3430 diens
435 3366 626 3444 Haroldus,
639 3366 794 3448 legatum
805 3365 973 3431 Willelmi
989 3384 1052 3429 nec
1065 3365 1155 3427 bono
1170 3364 1274 3428 vultu

322 3468 505 3548 respicere,
529 3485 591 3529 nec
614 3465 751 3548 placido
774 3485 930 3530 sermone
946 3465 1057 3529 voluit
1077 3463 1274 3540 admittere,

322 3566 383 3628 sed
406 3566 502 3628 illum
525 3565 744 3647 indignanter
761 3567 904 3646 abigens
927 3565 992 3628 hoc
1014 3565 1126 3628 solum
1149 3583 1273 3646 preca-

321 3665 436 3742 batur,
459 3672 497 3727 ut
521 3664 611 3728 inter
636 3685 674 3728 se
695 3673 730 3728 et
749 3664 962 3730 Willelmum
986 3664 1158 3728 Dominus
1177 3663 1275 3746 judi-

322 3772 438 3843 caret3
470 3764 514 3828 ad
542 3764 617 3828 haec
646 3765 835 3829 monachus
865 3765 1030 3828 audacter
1060 3762 1275 3846 respondens

357 3980 555 4044 ¹Froterregis,
568 3983 651 4032 Gurtlt
665 3984 781 4048 nomina]
808 3983 892 4033 Gurth
912 3983 1030 4033 survived
1049 3984 1091 4033 tbe
1110 3985 1197 4047 battle,
1218 3987 1272 4036 and

322 4053 373 4101 Mr.
386 4053 477 4113 Hardy
489 4056 614 4113 observes,
626 4053 680 4102 that
696 4056 722 4101 in
735 4068 781 4103 one
807 4070 862 4102 was
873 4070 932 4104 seen
950 4055 975 4101 in
987 4059 1097 4103 extreme
1112 4055 1154 4103 old
1171 4069 1219 4116 age
1238 4057 1275 4118 by

321 4123 350 4170 os
364 4123 406 4171 tbe
418 4123 540 4172 Harleian
554 4123 627 4172 MSS.
640 4122 727 4188 (atto,
738 4124 781 4172 tol.
809 4125 897 4185 llenry
913 4125 955 4173 the
975 4124 1083 4184 second;
1102 4125 1276 4188 Malmsbury,

321 4197 363 4255 21,
383 4190 421 4257 b,)
440 4194 510 4243 tbere
532 4195 555 4243 is
576 4194 705 4255 a'legend
727 4194 782 4243 that
808 4210 833 4256 p.
846 4199 905 4256 41³,
914 4199 969 4243 uoto
980 4190 999 4244 ².
