2888 4852
325 376 387 442 xvi
712 385 885 434 PRRFAGR.

164 569 275 609 ansa.
326 559 366 617 ut
383 549 449 615 illa
470 549 610 614 indutus
636 545 787 611 hostium
811 564 939 609 cuneos
967 550 1163 626 penetraret
1188 542 1275 606 illae·

162 619 269 710 lillis
326 671 398 715 sus.
451 649 533 732 lpse
550 668 632 712 vero
648 645 805 726 magistri
821 645 876 707 sui
890 637 1113 707 ¹caracallam
1136 643 1202 705 sibi
1222 661 1273 704 re·

326 749 440 827 tinuit,
462 748 650 813 certissime
670 747 794 820 sciens,
821 743 913 826 quod
937 763 1005 807 non
1034 742 1142 825 aequis
1164 740 1274 805 oculis

325 869 400 914 eam
427 847 609 912 saevientes
638 846 833 927 aspicerent
857 842 998 906 inimici.
1051 842 1165 924 Igitur
1187 840 1273 905 Am·

325 948 497 1031 phibalus,
513 945 642 1011 Albani
665 944 822 1026 precibus
845 942 1071 1024 adquiescens
1087 950 1168 1005 ante
1183 939 1272 1005 lucis

325 1054 484 1111 exortum
507 1045 626 1127 fugam
651 1043 809 1125 arripuit,
831 1040 1006 1124 perviam
1029 1041 1172 1105 tendens
1194 1060 1273 1122 quar

325 1145 368 1211 de
392 1147 533 1210 civitate
556 1143 668 1224 vergit
694 1142 737 1206 ad
760 1141 979 1223 aquilonem
1010 1140 1168 1204 Albanus
1190 1159 1274 1205 vero

325 1263 404 1308 enm
436 1243 664 1318 conducebat,
695 1240 858 1323 quamdiu
888 1240 1056 1304 ambobus
1081 1240 1192 1304 visum
1220 1246 1275 1303 est

326 1344 500 1426 expedire.
553 1342 709 1422 Cumque
739 1339 953 1404 discederent
980 1340 1023 1402 ab
1047 1339 1208 1415 invicem,
1238 1346 1275 1403 et

327 1443 485 1507 ultimum
503 1439 568 1506 sibi
584 1439 827 1531 valefacerent,
841 1439 919 1521 quis
934 1457 1051 1503 eorum
1065 1437 1273 1520 lachrymas,

328 1542 402 1606 sine
431 1540 628 1624 lachrymis,
656 1539 700 1603 ad
726 1538 926 1602 memoriam
952 1539 1064 1621 possit
1084 1540 1273 1603 revocaret

329 1641 455 1723 Itaque
485 1641 521 1704 in
539 1639 703 1704 Walliam
730 1637 973 1721 Ampbibalus,
998 1636 1043 1701 ad
1070 1639 1273 1720 martyrium

327 1741 470 1804 festinat
484 1739 640 1805 Albanus
663 1738 783 1802 habitu
805 1737 963 1819 magistri
980 1736 1138 1814 vestitus,
1161 1744 1201 1800 ut
1216 1737 1272 1801 vel

327 1839 392 1904 boc
410 1839 511 1904 modo
534 1837 714 1921 gentilium
738 1836 870 1900 animos
891 1837 928 1899 in
951 1855 988 1901 se
1010 1837 1121 1900 solum
1139 1835 1275 1900 facilius

328 1946 544 2022 provocaret.
594 1936 645 2000 At
677 1936 736 1999 ubi
767 1936 840 1999 dies
872 1942 1015 1999 exortus
1043 1942 1109 2013 est,
1139 1937 1274 2018 equites

329 2038 452 2101 animis
474 2036 624 2100 efferatis
647 2036 683 2098 in
707 2035 799 2099 aedes
821 2032 948 2098 Albani
977 2034 1125 2113 irruunt,
1149 2043 1184 2099 et
1200 2037 1276 2100 uni-

329 2156 430 2200 versa
446 2135 695 2218 perlustrantes
709 2135 822 2216 ipsum
840 2135 978 2198 tandem
1000 2136 1036 2198 in
1058 2136 1198 2217 tugurio
1220 2156 1274 2199 re·

328 2236 468 2318 pariunt
489 2235 525 2298 in
547 2234 666 2298 babitu
686 2234 879 2315 peregrino,
904 2234 1005 2297 nudis
1028 2235 1172 2316 pedibus
1194 2242 1275 2299 ante

329 2354 464 2399 crucem
492 2333 647 2410 Domini,
671 2352 774 2414 quam
803 2333 868 2396 sibi
891 2333 1057 2414 magister
1084 2354 1168 2397 suus
1196 2335 1275 2398 reli·

330 2440 466 2515 querat,
479 2433 637 2516 precibus
651 2433 914 2496 incumbentem.
967 2433 1054 2496 Mox
1076 2432 1172 2497 illum
1188 2435 1276 2498 satis

331 2533 515 2597 inhumane
536 2533 723 2613 rapientes,
741 2531 888 2596 vinculis
913 2532 956 2595 ad
981 2534 1199 2614 praesentiam
1216 2534 1275 2617 ju·

331 2631 416 2694 dicis
445 2637 700 2714 pertraxerunt,
734 2630 792 2715 qui
822 2640 905 2695 tunc
932 2650 1009 2694 cnm
1039 2633 1201 2696 universa
1231 2635 1276 2696 ci·

331 2731 440 2796 ritate
457 2731 527 2795 aris
550 2731 746 2807 assistebat,
769 2737 808 2794 ut
824 2730 890 2793 diis
911 2732 984 2794 suis
1006 2730 1137 2796 hostias
1160 2734 1278 2796 immo-

332 2829 453 2894 larent.
505 2828 662 2894 Albanus
683 2849 776 2904 vero,
803 2837 843 2893 ut
860 2849 898 2893 se
922 2849 1059 2893 servum
1084 2832 1196 2895 crucis
1220 2851 1278 2896 os·

331 2930 498 3007 tenderet,
520 2930 656 3012 siguum
682 2929 901 2993 Dominicum
919 2929 954 2992 in
970 2930 1127 2993 manibus
1144 2931 1278 3015 jugiter

333 3029 548 3111 praeferebat.
600 3028 712 3107 Quem
729 3028 839 3112 judex
863 3028 962 3093 vultu
984 3030 1177 3093 trucissimo
1201 3051 1279 3114 per·

333 3129 519 3210 stringens,
550 3136 590 3192 ut
618 3129 684 3191 diis
713 3127 850 3192 offerret
877 3127 1054 3207 libamina,
1086 3130 1277 3212 imperavit.

335 3225 400 3290 Cui
426 3228 548 3290 beatus
570 3225 740 3304 Albanus,
763 3226 863 3290 ‘Diis
898 3229 1022 3290 vestris
1055 3227 1152 3292 falsis
1183 3230 1279 3294 nullo

334 3325 435 3389 modo
457 3325 625 3403 sacrifico,
650 3326 709 3408 qui
729 3345 793 3389 nec
817 3323 883 3389 sibi
904 3345 967 3389 uec
991 3327 1068 3391 aliis
1092 3328 1278 3411 aliquando

335 3424 560 3506 profuerunt!
611 3424 723 3502 Tunc,
744 3444 788 3489 ex
815 3433 988 3508 praecepto
1011 3427 1153 3510 judicis,
1170 3427 1280 3492 Alba·

334 3542 400 3586 nus
416 3523 651 3607 apprehensus
667 3524 866 3588 extenditur
881 3525 925 3588 ad
943 3524 1094 3606 flagella,
1110 3526 1170 3590 sed
1191 3529 1283 3592 inter

336 3624 481 3687 verbera
502 3624 608 3688 verba
630 3624 697 3688 Dei
713 3623 847 3707 jugiter
868 3625 1101 3705 resonabant;
1133 3646 1280 3711 cumque

334 3721 491 3786 lictorum
515 3742 638 3787 manus
655 3722 895 3804 fatigarentur,
912 3732 947 3787 et
963 3744 1018 3788 res
1034 3725 1191 3790 effectum
1210 3747 1280 3791 non

334 3820 487 3900 baberet,
505 3824 569 3886 sub
587 3822 744 3887 custodia
761 3822 890 3905 judicis
911 3825 1084 3888 mensibus
1108 3846 1172 3890 sex
1188 3836 1225 3892 et
1240 3847 1281 3892 co

369 4024 570 4095 warocum]
597 4030 673 4089 Upon
689 4028 732 4076 the
748 4044 794 4077 use
823 4025 939 4079 Ussber's
969 4031 1066 4082 Britan.
1095 4034 1165 4084 Eccl.
1195 4037 1283 4099 Antiq.

334 4099 384 4147 and
405 4100 522 4159 meaning
539 4097 568 4147 of
582 4099 633 4146 tbis
651 4098 731 4159 word,
753 4097 795 4146 the
824 4103 896 4160 1681,
906 4115 931 4162 p.
941 4104 982 4150 78.

335 4169 426 4219 render
447 4183 504 4230 may
522 4168 622 4217 consult
644 4167 796 4230 archbiebop
