<?xml version="1.0" encoding="UTF-8"?>
<!DOCTYPE html PUBLIC "-//W3C//DTD XHTML 1.0 Transitional//EN"
    "http://www.w3.org/TR/xhtml1/DTD/xhtml1-transitional.dtd">
<html xmlns="http://www.w3.org/1999/xhtml" xml:lang="en" lang="en">
 <head>
  <title>
</title>
<meta http-equiv="Content-Type" content="text/html;charset=utf-8" />
  <meta name='ocr-system' content='tesseract 3.04.00' />
  <meta name='ocr-capabilities' content='ocr_page ocr_carea ocr_par ocr_line ocrx_word'/>
</head>
<body>
  <div class='ocr_page' id='page_1' title='image "./rogeridewendove04rogegoog_0447.png"; bbox 0 0 2888 4852; ppageno 0'>
   <div class='ocr_carea' id='block_1_1' title="bbox 360 420 1051 484">
    <p class='ocr_par' dir='ltr' id='par_1_1' title="bbox 360 420 1051 484">
     <span class='ocr_line' id='line_1_1' title="bbox 360 420 1051 484; baseline -0.003 0"><span class='ocrx_word' id='word_1_1' title='bbox 360 420 426 484; x_wconf 85' lang='grc'><strong>404</strong></span> <span class='ocrx_word' id='word_1_2' title='bbox 615 435 751 483; x_wconf 83' lang='lat' dir='ltr'><strong>aoenru</strong></span> <span class='ocrx_word' id='word_1_3' title='bbox 773 436 822 483; x_wconf 88' lang='lat' dir='ltr'><strong>on</strong></span> <span class='ocrx_word' id='word_1_4' title='bbox 845 432 1051 484; x_wconf 78' lang='lat' dir='ltr'><strong>wernovea</strong></span> 
     </span>
    </p>
   </div>
   <div class='ocr_carea' id='block_1_2' title="bbox 307 588 1323 3762">
    <p class='ocr_par' dir='ltr' id='par_1_2' title="bbox 332 588 1319 1770">
     <span class='ocr_line' id='line_1_2' title="bbox 332 588 1319 670; baseline -0.008 -12"><span class='ocrx_word' id='word_1_5' title='bbox 332 591 333 594; x_wconf 68' lang='grc'>’</span> <span class='ocrx_word' id='word_1_6' title='bbox 362 593 469 669; x_wconf 92' lang='lat' dir='ltr'><strong>tione,</strong></span> <span class='ocrx_word' id='word_1_7' title='bbox 503 594 642 657; x_wconf 91' lang='lat' dir='ltr'><strong>beatum</strong></span> <span class='ocrx_word' id='word_1_8' title='bbox 676 593 899 657; x_wconf 89' lang='lat' dir='ltr'><strong>Dunstanum</strong></span> <span class='ocrx_word' id='word_1_9' title='bbox 931 589 1157 657; x_wconf 79' lang='lat' dir='ltr'><strong>consessionis</strong></span> <span class='ocrx_word' id='word_1_10' title='bbox 1199 588 1319 670; x_wconf 77' lang='lat' dir='ltr'><strong>gratia</strong></span> 
     </span>
     <span class='ocr_line' id='line_1_3' title="bbox 364 686 1317 776; baseline -0.007 -19"><span class='ocrx_word' id='word_1_11' title='bbox 364 692 566 772; x_wconf 87' lang='lat' dir='ltr'><strong>accersivit;</strong></span> <span class='ocrx_word' id='word_1_12' title='bbox 598 686 685 776; x_wconf 91' lang='lat' dir='ltr'><strong>¹quo</strong></span> <span class='ocrx_word' id='word_1_13' title='bbox 712 693 837 756; x_wconf 87' lang='lat' dir='ltr'><strong>festine</strong></span> <span class='ocrx_word' id='word_1_14' title='bbox 871 692 914 756; x_wconf 93' lang='lat' dir='ltr'><strong>ad</strong></span> <span class='ocrx_word' id='word_1_15' title='bbox 947 690 1115 774; x_wconf 84' lang='lat' dir='ltr'><strong>palatium</strong></span> <span class='ocrx_word' id='word_1_16' title='bbox 1140 688 1317 763; x_wconf 81' lang='lat' dir='ltr'><strong>tendente,</strong></span> 
     </span>
     <span class='ocr_line' id='line_1_4' title="bbox 365 786 1318 876; baseline -0.007 -20"><span class='ocrx_word' id='word_1_17' title='bbox 365 813 437 857; x_wconf 85' lang='lat' dir='ltr'><strong>vox</strong></span> <span class='ocrx_word' id='word_1_18' title='bbox 463 792 609 876; x_wconf 85' lang='lat' dir='ltr'>desuper</span> <span class='ocrx_word' id='word_1_19' title='bbox 635 792 727 856; x_wconf 88' lang='lat' dir='ltr'><strong>clare</strong></span> <span class='ocrx_word' id='word_1_20' title='bbox 756 793 884 869; x_wconf 89' lang='lat' dir='ltr'><strong>sonuit,</strong></span> <span class='ocrx_word' id='word_1_21' title='bbox 915 791 992 874; x_wconf 91' lang='lat' dir='ltr'><strong>ipso</strong></span> <span class='ocrx_word' id='word_1_22' title='bbox 1020 790 1192 866; x_wconf 83' lang='lat' dir='ltr'><strong>audiente,</strong></span> <span class='ocrx_word' id='word_1_23' title='bbox 1210 786 1318 851; x_wconf 90' lang='lat' dir='ltr'><strong>‘Rex</strong></span> 
     </span>
     <span class='ocr_line' id='line_1_5' title="bbox 368 889 1317 975; baseline -0.005 -21"><span class='ocrx_word' id='word_1_24' title='bbox 368 891 546 955; x_wconf 83' lang='lat' dir='ltr'><strong>Eadredus</strong></span> <span class='ocrx_word' id='word_1_25' title='bbox 566 891 641 975; x_wconf 91' lang='lat' dir='ltr'><strong>jam</strong></span> <span class='ocrx_word' id='word_1_26' title='bbox 662 892 698 955; x_wconf 94' lang='lat' dir='ltr'><strong>in</strong></span> <span class='ocrx_word' id='word_1_27' title='bbox 722 911 807 974; x_wconf 89' lang='lat' dir='ltr'><strong>pace</strong></span> <span class='ocrx_word' id='word_1_28' title='bbox 825 891 980 974; x_wconf 88' lang='lat' dir='ltr'><strong>quievit,&#39;</strong></span> <span class='ocrx_word' id='word_1_29' title='bbox 1003 889 1046 953; x_wconf 94' lang='lat' dir='ltr'><strong>ad</strong></span> <span class='ocrx_word' id='word_1_30' title='bbox 1071 909 1176 972; x_wconf 89' lang='lat' dir='ltr'><strong>quam</strong></span> <span class='ocrx_word' id='word_1_31' title='bbox 1193 906 1317 951; x_wconf 91' lang='lat' dir='ltr'><strong>vocem</strong></span> 
     </span>
     <span class='ocr_line' id='line_1_6' title="bbox 368 987 1318 1074; baseline -0.003 -21"><span class='ocrx_word' id='word_1_32' title='bbox 368 1010 489 1074; x_wconf 86' lang='lat' dir='ltr'><strong>equus,</strong></span> <span class='ocrx_word' id='word_1_33' title='bbox 515 991 571 1055; x_wconf 93' lang='lat' dir='ltr'><strong>cui</strong></span> <span class='ocrx_word' id='word_1_34' title='bbox 597 990 896 1073; x_wconf 50' lang='lat' dir='ltr'><strong>insedit-pondus</strong></span> <span class='ocrx_word' id='word_1_35' title='bbox 918 989 1084 1072; x_wconf 77' lang='lat' dir='ltr'><strong>angelicae</strong></span> <span class='ocrx_word' id='word_1_36' title='bbox 1107 989 1202 1052; x_wconf 90' lang='lat' dir='ltr'><strong>vocis</strong></span> <span class='ocrx_word' id='word_1_37' title='bbox 1226 987 1318 1050; x_wconf 83' lang='lat' dir='ltr'><strong>ferre</strong></span> 
     </span>
     <span class='ocr_line' id='line_1_7' title="bbox 367 1087 1319 1172; baseline -0.004 -19"><span class='ocrx_word' id='word_1_38' title='bbox 367 1098 437 1154; x_wconf 89' lang='lat' dir='ltr'><strong>non</strong></span> <span class='ocrx_word' id='word_1_39' title='bbox 452 1090 584 1167; x_wconf 76' lang='lat' dir='ltr'><strong>valenS,</strong></span> <span class='ocrx_word' id='word_1_40' title='bbox 602 1091 733 1172; x_wconf 81' lang='lat' dir='ltr'><strong>absque</strong></span> <span class='ocrx_word' id='word_1_41' title='bbox 746 1090 819 1154; x_wconf 92' lang='lat' dir='ltr'><strong>ulla</strong></span> <span class='ocrx_word' id='word_1_42' title='bbox 831 1091 976 1154; x_wconf 87' lang='lat' dir='ltr'><strong>sessoris</strong></span> <span class='ocrx_word' id='word_1_43' title='bbox 991 1087 1145 1164; x_wconf 88' lang='lat' dir='ltr'><strong>laesione,</strong></span> <span class='ocrx_word' id='word_1_44' title='bbox 1158 1094 1319 1151; x_wconf 84' lang='lat' dir='ltr'><strong>mortuus</strong></span> 
     </span>
     <span class='ocr_line' id='line_1_8' title="bbox 367 1186 1318 1271; baseline -0.004 -18"><span class='ocrx_word' id='word_1_45' title='bbox 367 1188 545 1253; x_wconf 85' lang='lat' dir='ltr'><strong>interram</strong></span> <span class='ocrx_word' id='word_1_46' title='bbox 562 1189 703 1253; x_wconf 90' lang='lat' dir='ltr'><strong>corruit.</strong></span> <span class='ocrx_word' id='word_1_47' title='bbox 744 1189 905 1271; x_wconf 88' lang='lat' dir='ltr'><strong>Denique</strong></span> <span class='ocrx_word' id='word_1_48' title='bbox 927 1208 1005 1253; x_wconf 91' lang='lat' dir='ltr'><strong>cum</strong></span> <span class='ocrx_word' id='word_1_49' title='bbox 1022 1188 1173 1252; x_wconf 89' lang='lat' dir='ltr'><strong>venisset</strong></span> <span class='ocrx_word' id='word_1_50' title='bbox 1195 1186 1239 1250; x_wconf 91' lang='lat' dir='ltr'><strong>ad</strong></span> <span class='ocrx_word' id='word_1_51' title='bbox 1262 1206 1318 1249; x_wconf 87' lang='lat' dir='ltr'><strong>re-</strong></span> 
     </span>
     <span class='ocr_line' id='line_1_9' title="bbox 368 1286 1318 1371; baseline -0.003 -19"><span class='ocrx_word' id='word_1_52' title='bbox 368 1308 447 1371; x_wconf 79' lang='lat' dir='ltr'><strong>gem</strong></span> <span class='ocrx_word' id='word_1_53' title='bbox 462 1289 585 1352; x_wconf 88' lang='lat' dir='ltr'><strong>beatus</strong></span> <span class='ocrx_word' id='word_1_54' title='bbox 604 1289 821 1365; x_wconf 73' lang='lat' dir='ltr'><strong>DunstanuS,</strong></span> <span class='ocrx_word' id='word_1_55' title='bbox 839 1289 966 1370; x_wconf 89' lang='lat' dir='ltr'><strong>reperit</strong></span> <span class='ocrx_word' id='word_1_56' title='bbox 983 1307 1097 1370; x_wconf 85' lang='lat' dir='ltr'><strong>regem</strong></span> <span class='ocrx_word' id='word_1_57' title='bbox 1116 1288 1180 1350; x_wconf 91' lang='lat' dir='ltr'><strong>sub</strong></span> <span class='ocrx_word' id='word_1_58' title='bbox 1195 1286 1318 1350; x_wconf 87' lang='lat' dir='ltr'><strong>eodem</strong></span> 
     </span>
     <span class='ocr_line' id='line_1_10' title="bbox 369 1381 1319 1471; baseline -0.001 -20"><span class='ocrx_word' id='word_1_59' title='bbox 369 1394 524 1471; x_wconf 89' lang='lat' dir='ltr'><strong>tempore</strong></span> <span class='ocrx_word' id='word_1_60' title='bbox 542 1381 774 1465; x_wconf 68' lang='lat' dir='ltr'><strong>&#39;defunctum</strong></span> <span class='ocrx_word' id='word_1_61' title='bbox 798 1408 867 1471; x_wconf 89' lang='lat' dir='ltr'><strong>quo</strong></span> <span class='ocrx_word' id='word_1_62' title='bbox 893 1388 944 1451; x_wconf 93' lang='lat' dir='ltr'><strong>illi</strong></span> <span class='ocrx_word' id='word_1_63' title='bbox 967 1387 1111 1469; x_wconf 84' lang='lat' dir='ltr'><strong>angelus</strong></span> <span class='ocrx_word' id='word_1_64' title='bbox 1131 1386 1167 1449; x_wconf 91' lang='lat' dir='ltr'><strong>iu</strong></span> <span class='ocrx_word' id='word_1_65' title='bbox 1192 1386 1319 1450; x_wconf 90' lang='lat' dir='ltr'><strong>itinere</strong></span> 
     </span>
     <span class='ocr_line' id='line_1_11' title="bbox 369 1485 1319 1569; baseline -0.002 -19"><span class='ocrx_word' id='word_1_66' title='bbox 369 1487 553 1552; x_wconf 90' lang='lat' dir='ltr'><strong>nuntiavit.</strong></span> <span class='ocrx_word' id='word_1_67' title='bbox 592 1487 702 1569; x_wconf 82' lang='lat' dir='ltr'><strong>Regis</strong></span> <span class='ocrx_word' id='word_1_68' title='bbox 717 1496 832 1553; x_wconf 84' lang='lat' dir='ltr'><strong>antem</strong></span> <span class='ocrx_word' id='word_1_69' title='bbox 850 1506 976 1569; x_wconf 88' lang='lat' dir='ltr'><strong>corpus</strong></span> <span class='ocrx_word' id='word_1_70' title='bbox 990 1487 1204 1551; x_wconf 90' lang='lat' dir='ltr'><strong>Wintoniam</strong></span> <span class='ocrx_word' id='word_1_71' title='bbox 1221 1485 1319 1549; x_wconf 91' lang='lat' dir='ltr'><strong>dela-</strong></span> 
     </span>
     <span class='ocr_line' id='line_1_12' title="bbox 371 1586 1319 1665; baseline -0.004 -14"><span class='ocrx_word' id='word_1_72' title='bbox 371 1594 444 1651; x_wconf 94' lang='lat' dir='ltr'><strong>tum</strong></span> <span class='ocrx_word' id='word_1_73' title='bbox 457 1595 522 1665; x_wconf 90' lang='lat' dir='ltr'><strong>est,</strong></span> <span class='ocrx_word' id='word_1_74' title='bbox 534 1595 569 1651; x_wconf 92' lang='lat' dir='ltr'><strong>et</strong></span> <span class='ocrx_word' id='word_1_75' title='bbox 584 1607 606 1652; x_wconf 92' lang='lat' dir='ltr'><strong>a</strong></span> <span class='ocrx_word' id='word_1_76' title='bbox 622 1589 724 1652; x_wconf 90' lang='lat' dir='ltr'><strong>beato</strong></span> <span class='ocrx_word' id='word_1_77' title='bbox 740 1588 924 1652; x_wconf 85' lang='lat' dir='ltr'><strong>Dunstano</strong></span> <span class='ocrx_word' id='word_1_78' title='bbox 934 1587 971 1651; x_wconf 93' lang='lat' dir='ltr'><strong>in</strong></span> <span class='ocrx_word' id='word_1_79' title='bbox 984 1586 1093 1651; x_wconf 90' lang='lat' dir='ltr'><strong>veteri</strong></span> <span class='ocrx_word' id='word_1_80' title='bbox 1108 1586 1319 1649; x_wconf 86' lang='lat' dir='ltr'><strong>monasterio</strong></span> 
     </span>
     <span class='ocr_line' id='line_1_13' title="bbox 370 1687 731 1770; baseline 0.003 -19"><span class='ocrx_word' id='word_1_81' title='bbox 370 1687 520 1751; x_wconf 82' lang='lat' dir='ltr'>traditur</span> <span class='ocrx_word' id='word_1_82' title='bbox 533 1689 731 1770; x_wconf 70' lang='lat' dir='ltr'><strong>sepulturae.</strong></span> 
     </span>
    </p>

    <p class='ocr_par' dir='ltr' id='par_1_3' title="bbox 307 1783 1323 3762">
     <span class='ocr_line' id='line_1_14' title="bbox 414 1783 1318 1869; baseline -0.006 -18"><span class='ocrx_word' id='word_1_83' title='bbox 414 1786 589 1851; x_wconf 84' lang='lat' dir='ltr'><strong>Successit</strong></span> <span class='ocrx_word' id='word_1_84' title='bbox 615 1787 646 1850; x_wconf 91' lang='lat' dir='ltr'><strong>ei</strong></span> <span class='ocrx_word' id='word_1_85' title='bbox 675 1788 711 1850; x_wconf 94' lang='lat' dir='ltr'><strong>in</strong></span> <span class='ocrx_word' id='word_1_86' title='bbox 743 1806 886 1869; x_wconf 80' lang='lat' dir='ltr'><strong>regnum</strong></span> <span class='ocrx_word' id='word_1_87' title='bbox 918 1785 1093 1858; x_wconf 66' lang='lat' dir='ltr'><strong>Eadwius</strong></span> <span class='ocrx_word' id='word_1_88' title='bbox 1121 1783 1318 1848; x_wconf 89' lang='lat' dir='ltr'><strong>Eadmundi</strong></span> 
     </span>
     <span class='ocr_line' id='line_1_15' title="bbox 371 1884 1319 1968; baseline -0.003 -19"><span class='ocrx_word' id='word_1_89' title='bbox 371 1886 472 1968; x_wconf 80' lang='lat' dir='ltr'><strong>regis</strong></span> <span class='ocrx_word' id='word_1_90' title='bbox 491 1887 582 1950; x_wconf 90' lang='lat' dir='ltr'><strong>lilius</strong></span> <span class='ocrx_word' id='word_1_91' title='bbox 607 1894 642 1951; x_wconf 92' lang='lat' dir='ltr'><strong>et</strong></span> <span class='ocrx_word' id='word_1_92' title='bbox 668 1894 799 1950; x_wconf 87' lang='lat' dir='ltr'><strong>sanctae</strong></span> <span class='ocrx_word' id='word_1_93' title='bbox 822 1884 961 1968; x_wconf 79' lang='lat' dir='ltr'><strong>Algivae</strong></span> <span class='ocrx_word' id='word_1_94' title='bbox 992 1884 1133 1966; x_wconf 84' lang='lat' dir='ltr'><strong>reginae,</strong></span> <span class='ocrx_word' id='word_1_95' title='bbox 1159 1893 1195 1948; x_wconf 90' lang='lat' dir='ltr'><strong>et</strong></span> <span class='ocrx_word' id='word_1_96' title='bbox 1224 1884 1319 1966; x_wconf 89' lang='lat' dir='ltr'><strong>apud</strong></span> 
     </span>
     <span class='ocr_line' id='line_1_16' title="bbox 372 1983 1321 2068; baseline -0.004 -19"><span class='ocrx_word' id='word_1_97' title='bbox 372 1985 609 2068; x_wconf 85' lang='lat' dir='ltr'><strong>Kingstonam</strong></span> <span class='ocrx_word' id='word_1_98' title='bbox 631 1987 675 2050; x_wconf 90' lang='lat' dir='ltr'><strong>ab</strong></span> <span class='ocrx_word' id='word_1_99' title='bbox 702 1984 835 2063; x_wconf 87' lang='lat' dir='ltr'><strong>Odone,</strong></span> <span class='ocrx_word' id='word_1_100' title='bbox 864 1984 1120 2049; x_wconf 89' lang='lat' dir='ltr'><strong>Dorobemensi</strong></span> <span class='ocrx_word' id='word_1_101' title='bbox 1152 1983 1321 2066; x_wconf 88' lang='lat' dir='ltr'><strong>archiepi-</strong></span> 
     </span>
     <span class='ocr_line' id='line_1_17' title="bbox 307 2077 1320 2173; baseline -0.004 -23"><span class='ocrx_word' id='word_1_102' title='bbox 307 2167 311 2173; x_wconf 16' lang='grc' dir='ltr'>ν</span> <span class='ocrx_word' id='word_1_103' title='bbox 371 2105 489 2169; x_wconf 88' lang='lat' dir='ltr'><strong>scopo,</strong></span> <span class='ocrx_word' id='word_1_104' title='bbox 512 2085 641 2168; x_wconf 86' lang='lat' dir='ltr'><strong>regiam</strong></span> <span class='ocrx_word' id='word_1_105' title='bbox 658 2087 854 2150; x_wconf 88' lang='lat' dir='ltr'><strong>unctionem</strong></span> <span class='ocrx_word' id='word_1_106' title='bbox 877 2084 1040 2167; x_wconf 56' lang='lat' dir='ltr'><strong>suscepit„</strong></span> <span class='ocrx_word' id='word_1_107' title='bbox 1091 2077 1205 2147; x_wconf 85' lang='lat' dir='ltr'><strong>³Huic</strong></span> <span class='ocrx_word' id='word_1_108' title='bbox 1223 2102 1320 2165; x_wconf 86' lang='lat' dir='ltr'><strong>quae-</strong></span> 
     </span>
     <span class='ocr_line' id='line_1_18' title="bbox 371 2184 1320 2268; baseline -0.004 -19"><span class='ocrx_word' id='word_1_109' title='bbox 371 2185 451 2250; x_wconf 92' lang='lat' dir='ltr'><strong>dam</strong></span> <span class='ocrx_word' id='word_1_110' title='bbox 471 2186 593 2250; x_wconf 87' lang='lat' dir='ltr'><strong>mulier</strong></span> <span class='ocrx_word' id='word_1_111' title='bbox 620 2186 750 2268; x_wconf 92' lang='lat' dir='ltr'><strong>inepta,</strong></span> <span class='ocrx_word' id='word_1_112' title='bbox 773 2185 855 2250; x_wconf 91' lang='lat' dir='ltr'><strong>licet</strong></span> <span class='ocrx_word' id='word_1_113' title='bbox 877 2185 1016 2249; x_wconf 91' lang='lat' dir='ltr'><strong>natione</strong></span> <span class='ocrx_word' id='word_1_114' title='bbox 1037 2184 1214 2265; x_wconf 85' lang='lat' dir='ltr'><strong>praecelsa,</strong></span> <span class='ocrx_word' id='word_1_115' title='bbox 1240 2203 1320 2246; x_wconf 89' lang='lat' dir='ltr'><strong>cum</strong></span> 
     </span>
     <span class='ocr_line' id='line_1_19' title="bbox 372 2282 1321 2370; baseline -0.001 -23"><span class='ocrx_word' id='word_1_116' title='bbox 372 2285 494 2349; x_wconf 87' lang='lat' dir='ltr'><strong>adulta</strong></span> <span class='ocrx_word' id='word_1_117' title='bbox 523 2285 595 2349; x_wconf 90' lang='lat' dir='ltr'><strong>filia</strong></span> <span class='ocrx_word' id='word_1_118' title='bbox 627 2305 689 2370; x_wconf 87' lang='lat' dir='ltr'><strong>per</strong></span> <span class='ocrx_word' id='word_1_119' title='bbox 725 2285 910 2349; x_wconf 76' lang='lat' dir='ltr'><strong>nefandum</strong></span> <span class='ocrx_word' id='word_1_120' title='bbox 944 2283 1189 2347; x_wconf 77' lang='lat' dir='ltr'><strong>familiaritatis</strong></span> <span class='ocrx_word' id='word_1_121' title='bbox 1222 2282 1321 2346; x_wconf 90' lang='lat' dir='ltr'><strong>leno-</strong></span> 
     </span>
     <span class='ocr_line' id='line_1_20' title="bbox 372 2383 1321 2461; baseline -0.002 -13"><span class='ocrx_word' id='word_1_122' title='bbox 372 2385 500 2454; x_wconf 91' lang='lat' dir='ltr'><strong>cinium</strong></span> <span class='ocrx_word' id='word_1_123' title='bbox 527 2383 737 2461; x_wconf 84' lang='lat' dir='ltr'><strong>adhaerebat,</strong></span> <span class='ocrx_word' id='word_1_124' title='bbox 764 2392 804 2448; x_wconf 93' lang='lat' dir='ltr'><strong>ut</strong></span> <span class='ocrx_word' id='word_1_125' title='bbox 828 2405 904 2449; x_wconf 89' lang='lat' dir='ltr'><strong>sese</strong></span> <span class='ocrx_word' id='word_1_126' title='bbox 929 2384 986 2448; x_wconf 93' lang='lat' dir='ltr'><strong>vel</strong></span> <span class='ocrx_word' id='word_1_127' title='bbox 1009 2383 1115 2446; x_wconf 87' lang='lat' dir='ltr'><strong>filiam</strong></span> <span class='ocrx_word' id='word_1_128' title='bbox 1136 2402 1235 2447; x_wconf 90' lang='lat' dir='ltr'><strong>suam</strong></span> <span class='ocrx_word' id='word_1_129' title='bbox 1255 2384 1321 2446; x_wconf 91' lang='lat' dir='ltr'><strong>sub</strong></span> 
     </span>
     <span class='ocr_line' id='line_1_21' title="bbox 374 2482 1320 2567; baseline -0.001 -20"><span class='ocrx_word' id='word_1_130' title='bbox 374 2483 550 2567; x_wconf 84' lang='lat' dir='ltr'><strong>conjugali</strong></span> <span class='ocrx_word' id='word_1_131' title='bbox 581 2483 684 2548; x_wconf 92' lang='lat' dir='ltr'><strong>titulo</strong></span> <span class='ocrx_word' id='word_1_132' title='bbox 717 2484 888 2564; x_wconf 90' lang='lat' dir='ltr'><strong>sociaret;</strong></span> <span class='ocrx_word' id='word_1_133' title='bbox 921 2503 1007 2566; x_wconf 87' lang='lat' dir='ltr'><strong>quas</strong></span> <span class='ocrx_word' id='word_1_134' title='bbox 1039 2482 1109 2559; x_wconf 93' lang='lat' dir='ltr'><strong>ille,</strong></span> <span class='ocrx_word' id='word_1_135' title='bbox 1140 2490 1179 2546; x_wconf 93' lang='lat' dir='ltr'><strong>ut</strong></span> <span class='ocrx_word' id='word_1_136' title='bbox 1210 2482 1320 2559; x_wconf 92' lang='lat' dir='ltr'><strong>aiunt,</strong></span> 
     </span>
     <span class='ocr_line' id='line_1_22' title="bbox 374 2582 1320 2665; baseline -0.001 -19"><span class='ocrx_word' id='word_1_137' title='bbox 374 2583 583 2660; x_wconf 87' lang='lat' dir='ltr'><strong>alternatim,</strong></span> <span class='ocrx_word' id='word_1_138' title='bbox 614 2582 706 2665; x_wconf 90' lang='lat' dir='ltr'><strong>quod</strong></span> <span class='ocrx_word' id='word_1_139' title='bbox 741 2585 854 2648; x_wconf 89' lang='lat' dir='ltr'><strong>dicere</strong></span> <span class='ocrx_word' id='word_1_140' title='bbox 893 2583 990 2646; x_wconf 90' lang='lat' dir='ltr'><strong>nefas</strong></span> <span class='ocrx_word' id='word_1_141' title='bbox 1023 2590 1088 2659; x_wconf 89' lang='lat' dir='ltr'><strong>est,</strong></span> <span class='ocrx_word' id='word_1_142' title='bbox 1120 2582 1213 2665; x_wconf 87' lang='lat' dir='ltr'><strong>turpi</strong></span> <span class='ocrx_word' id='word_1_143' title='bbox 1243 2582 1320 2663; x_wconf 92' lang='lat' dir='ltr'><strong>pal-</strong></span> 
     </span>
     <span class='ocr_line' id='line_1_23' title="bbox 373 2682 1320 2766; baseline -0.002 -20"><span class='ocrx_word' id='word_1_144' title='bbox 373 2690 459 2764; x_wconf 90' lang='lat' dir='ltr'><strong>patu</strong></span> <span class='ocrx_word' id='word_1_145' title='bbox 485 2691 520 2747; x_wconf 91' lang='lat' dir='ltr'><strong>et</strong></span> <span class='ocrx_word' id='word_1_146' title='bbox 543 2684 673 2765; x_wconf 90' lang='lat' dir='ltr'><strong>absque</strong></span> <span class='ocrx_word' id='word_1_147' title='bbox 695 2683 825 2766; x_wconf 86' lang='lat' dir='ltr'><strong>pudore</strong></span> <span class='ocrx_word' id='word_1_148' title='bbox 847 2683 1027 2747; x_wconf 87' lang='lat' dir='ltr'><strong>libidinose</strong></span> <span class='ocrx_word' id='word_1_149' title='bbox 1048 2682 1224 2746; x_wconf 88' lang='lat' dir='ltr'><strong>tractavit.</strong></span> <span class='ocrx_word' id='word_1_150' title='bbox 1278 2682 1320 2744; x_wconf 90' lang='lat' dir='ltr'><strong>ln</strong></span> 
     </span>
     <span class='ocr_line' id='line_1_24' title="bbox 373 2781 1320 2865; baseline -0.002 -19"><span class='ocrx_word' id='word_1_151' title='bbox 373 2781 429 2846; x_wconf 92' lang='lat' dir='ltr'><strong>die</strong></span> <span class='ocrx_word' id='word_1_152' title='bbox 460 2784 550 2846; x_wconf 89' lang='lat' dir='ltr'><strong>enim</strong></span> <span class='ocrx_word' id='word_1_153' title='bbox 582 2802 652 2865; x_wconf 88' lang='lat' dir='ltr'><strong>qua</strong></span> <span class='ocrx_word' id='word_1_154' title='bbox 682 2783 718 2846; x_wconf 93' lang='lat' dir='ltr'><strong>in</strong></span> <span class='ocrx_word' id='word_1_155' title='bbox 746 2803 861 2864; x_wconf 81' lang='lat' dir='ltr'><strong>regem</strong></span> <span class='ocrx_word' id='word_1_156' title='bbox 893 2789 1114 2846; x_wconf 84' lang='lat' dir='ltr'><strong>consecratus</strong></span> <span class='ocrx_word' id='word_1_157' title='bbox 1143 2789 1208 2858; x_wconf 90' lang='lat' dir='ltr'><strong>est,</strong></span> <span class='ocrx_word' id='word_1_158' title='bbox 1240 2802 1320 2845; x_wconf 91' lang='lat' dir='ltr'><strong>con-</strong></span> 
     </span>
     <span class='ocr_line' id='line_1_25' title="bbox 373 2881 1322 2965; baseline -0.001 -21"><span class='ocrx_word' id='word_1_159' title='bbox 373 2881 488 2946; x_wconf 81' lang='lat' dir='ltr'><strong>festim</strong></span> <span class='ocrx_word' id='word_1_160' title='bbox 519 2891 599 2965; x_wconf 91' lang='lat' dir='ltr'><strong>post</strong></span> <span class='ocrx_word' id='word_1_161' title='bbox 631 2883 760 2963; x_wconf 79' lang='lat' dir='ltr'><strong>regiam</strong></span> <span class='ocrx_word' id='word_1_162' title='bbox 790 2883 1001 2960; x_wconf 90' lang='lat' dir='ltr'><strong>unctionem,</strong></span> <span class='ocrx_word' id='word_1_163' title='bbox 1028 2882 1212 2945; x_wconf 89' lang='lat' dir='ltr'><strong>demensa</strong></span> <span class='ocrx_word' id='word_1_164' title='bbox 1240 2882 1322 2944; x_wconf 92' lang='lat' dir='ltr'><strong>sub·</strong></span> 
     </span>
     <span class='ocr_line' id='line_1_26' title="bbox 375 2981 1320 3065; baseline 0.001 -21"><span class='ocrx_word' id='word_1_165' title='bbox 375 2981 425 3046; x_wconf 91' lang='lat' dir='ltr'><strong>ito</strong></span> <span class='ocrx_word' id='word_1_166' title='bbox 453 2982 625 3065; x_wconf 91' lang='lat' dir='ltr'><strong>prosilivit</strong></span> <span class='ocrx_word' id='word_1_167' title='bbox 649 2982 808 3065; x_wconf 89' lang='lat' dir='ltr'><strong>princeps</strong></span> <span class='ocrx_word' id='word_1_168' title='bbox 836 2990 871 3046; x_wconf 90' lang='lat' dir='ltr'><strong>et</strong></span> <span class='ocrx_word' id='word_1_169' title='bbox 898 2982 981 3046; x_wconf 84' lang='lat' dir='ltr'><strong>laeta</strong></span> <span class='ocrx_word' id='word_1_170' title='bbox 1011 2981 1208 3063; x_wconf 90' lang='lat' dir='ltr'><strong>relinquens</strong></span> <span class='ocrx_word' id='word_1_171' title='bbox 1237 3001 1320 3045; x_wconf 91' lang='lat' dir='ltr'><strong>con·</strong></span> 
     </span>
     <span class='ocr_line' id='line_1_27' title="bbox 374 3080 1321 3164; baseline -0.001 -19"><span class='ocrx_word' id='word_1_172' title='bbox 374 3081 480 3159; x_wconf 88' lang='lat' dir='ltr'><strong>vivia,</strong></span> <span class='ocrx_word' id='word_1_173' title='bbox 503 3088 543 3145; x_wconf 92' lang='lat' dir='ltr'><strong>ut</strong></span> <span class='ocrx_word' id='word_1_174' title='bbox 567 3081 718 3145; x_wconf 88' lang='lat' dir='ltr'><strong>lascivus</strong></span> <span class='ocrx_word' id='word_1_175' title='bbox 740 3081 954 3164; x_wconf 88' lang='lat' dir='ltr'><strong>voluptatem</strong></span> <span class='ocrx_word' id='word_1_176' title='bbox 977 3081 1138 3145; x_wconf 87' lang='lat' dir='ltr'><strong>lenocinii</strong></span> <span class='ocrx_word' id='word_1_177' title='bbox 1164 3080 1321 3145; x_wconf 89' lang='lat' dir='ltr'><strong>vinolen-</strong></span> 
     </span>
     <span class='ocr_line' id='line_1_28' title="bbox 375 3180 1321 3264; baseline 0.001 -20"><span class='ocrx_word' id='word_1_178' title='bbox 375 3187 431 3244; x_wconf 90' lang='lat' dir='ltr'><strong>tus</strong></span> <span class='ocrx_word' id='word_1_179' title='bbox 454 3181 662 3263; x_wconf 90' lang='lat' dir='ltr'><strong>compleret;</strong></span> <span class='ocrx_word' id='word_1_180' title='bbox 685 3181 861 3264; x_wconf 90' lang='lat' dir='ltr'><strong>displicuit</strong></span> <span class='ocrx_word' id='word_1_181' title='bbox 886 3180 1017 3244; x_wconf 85' lang='lat' dir='ltr'><strong>factum</strong></span> <span class='ocrx_word' id='word_1_182' title='bbox 1039 3181 1262 3263; x_wconf 88' lang='lat' dir='ltr'><strong>optimatibus</strong></span> <span class='ocrx_word' id='word_1_183' title='bbox 1286 3189 1321 3245; x_wconf 92' lang='lat' dir='ltr'><strong>et</strong></span> 
     </span>
     <span class='ocr_line' id='line_1_29' title="bbox 374 3280 1320 3362; baseline -0.001 -18"><span class='ocrx_word' id='word_1_184' title='bbox 374 3280 514 3344; x_wconf 84' lang='lat' dir='ltr'><strong>beatum</strong></span> <span class='ocrx_word' id='word_1_185' title='bbox 531 3282 691 3344; x_wconf 88' lang='lat' dir='ltr'><strong>abbatem</strong></span> <span class='ocrx_word' id='word_1_186' title='bbox 714 3281 934 3345; x_wconf 82' lang='lat' dir='ltr'><strong>Dunstanum</strong></span> <span class='ocrx_word' id='word_1_187' title='bbox 957 3282 1126 3344; x_wconf 87' lang='lat' dir='ltr'><strong>miserunt</strong></span> <span class='ocrx_word' id='word_1_188' title='bbox 1139 3280 1182 3344; x_wconf 94' lang='lat' dir='ltr'><strong>ad</strong></span> <span class='ocrx_word' id='word_1_189' title='bbox 1205 3300 1320 3362; x_wconf 85' lang='lat' dir='ltr'><strong>regem</strong></span> 
     </span>
     <span class='ocr_line' id='line_1_30' title="bbox 374 3380 1322 3464; baseline 0.001 -22"><span class='ocrx_word' id='word_1_190' title='bbox 374 3380 616 3456; x_wconf 88' lang='lat' dir='ltr'><strong>reducendum,</strong></span> <span class='ocrx_word' id='word_1_191' title='bbox 631 3381 719 3444; x_wconf 92' lang='lat' dir='ltr'><strong>utin</strong></span> <span class='ocrx_word' id='word_1_192' title='bbox 736 3381 844 3462; x_wconf 84' lang='lat' dir='ltr'><strong>regali</strong></span> <span class='ocrx_word' id='word_1_193' title='bbox 866 3381 1026 3444; x_wconf 91' lang='lat' dir='ltr'><strong>convivio</strong></span> <span class='ocrx_word' id='word_1_194' title='bbox 1041 3380 1138 3445; x_wconf 88' lang='lat' dir='ltr'><strong>lieret</strong></span> <span class='ocrx_word' id='word_1_195' title='bbox 1145 3380 1322 3464; x_wconf 89' lang='lat' dir='ltr'><strong>jucundus</strong></span> 
     </span>
     <span class='ocr_line' id='line_1_31' title="bbox 374 3480 1322 3563; baseline 0.002 -21"><span class='ocrx_word' id='word_1_196' title='bbox 374 3497 540 3555; x_wconf 86' lang='lat' dir='ltr'><strong>assessor,</strong></span> <span class='ocrx_word' id='word_1_197' title='bbox 571 3481 630 3562; x_wconf 90' lang='lat' dir='ltr'><strong>qui</strong></span> <span class='ocrx_word' id='word_1_198' title='bbox 657 3480 765 3562; x_wconf 87' lang='lat' dir='ltr'><strong>juxta</strong></span> <span class='ocrx_word' id='word_1_199' title='bbox 792 3480 984 3563; x_wconf 90' lang='lat' dir='ltr'><strong>principum</strong></span> <span class='ocrx_word' id='word_1_200' title='bbox 1007 3480 1120 3563; x_wconf 90' lang='lat' dir='ltr'><strong>jussa,</strong></span> <span class='ocrx_word' id='word_1_201' title='bbox 1157 3480 1322 3563; x_wconf 88' lang='lat' dir='ltr'><strong>adjuncto</strong></span> 
     </span>
     <span class='ocr_line' id='line_1_32' title="bbox 374 3571 1320 3662; baseline 0.003 -23"><span class='ocrx_word' id='word_1_202' title='bbox 374 3577 439 3641; x_wconf 89' lang='lat' dir='ltr'><strong>sibi</strong></span> <span class='ocrx_word' id='word_1_203' title='bbox 462 3571 630 3661; x_wconf 69' lang='lat' dir='ltr'><strong>⁴(lynesio</strong></span> <span class='ocrx_word' id='word_1_204' title='bbox 656 3578 830 3662; x_wconf 92' lang='lat' dir='ltr'><strong>episcopo,</strong></span> <span class='ocrx_word' id='word_1_205' title='bbox 856 3587 1006 3661; x_wconf 86' lang='lat' dir='ltr'><strong>cognato</strong></span> <span class='ocrx_word' id='word_1_206' title='bbox 1030 3599 1105 3656; x_wconf 90' lang='lat' dir='ltr'><strong>suo,</strong></span> <span class='ocrx_word' id='word_1_207' title='bbox 1132 3579 1320 3643; x_wconf 87' lang='lat' dir='ltr'><strong>thalamum</strong></span> 
     </span>
     <span class='ocr_line' id='line_1_33' title="bbox 373 3676 1323 3762; baseline 0.003 -22"><span class='ocrx_word' id='word_1_208' title='bbox 373 3676 551 3758; x_wconf 85' lang='lat' dir='ltr'><strong>ingressus</strong></span> <span class='ocrx_word' id='word_1_209' title='bbox 573 3679 780 3743; x_wconf 86' lang='lat' dir='ltr'><strong>invenerunt</strong></span> <span class='ocrx_word' id='word_1_210' title='bbox 794 3698 957 3743; x_wconf 87' lang='lat' dir='ltr'><strong>coronam</strong></span> <span class='ocrx_word' id='word_1_211' title='bbox 979 3680 1122 3761; x_wconf 84' lang='lat' dir='ltr'><strong>regiam,</strong></span> <span class='ocrx_word' id='word_1_212' title='bbox 1141 3678 1323 3762; x_wconf 88' lang='lat' dir='ltr'><strong>splendore</strong></span> 
     </span>
    </p>
   </div>
   <div class='ocr_carea' id='block_1_3' title="bbox 372 3875 1324 4295">
    <p class='ocr_par' dir='ltr' id='par_1_4' title="bbox 372 3875 1324 4295">
     <span class='ocr_line' id='line_1_34' title="bbox 409 3875 1324 3944; baseline -0.001 -15"><span class='ocrx_word' id='word_1_213' title='bbox 409 3875 770 3944; x_wconf 75' lang='lat' dir='ltr'><strong>¹Qeoseetineedpalctium.]</strong></span> <span class='ocrx_word' id='word_1_214' title='bbox 781 3881 835 3930; x_wconf 87' lang='lat' dir='ltr'><strong>The</strong></span> <span class='ocrx_word' id='word_1_215' title='bbox 861 3895 930 3930; x_wconf 84' lang='lat' dir='ltr'><strong>seme</strong></span> <span class='ocrx_word' id='word_1_216' title='bbox 952 3886 1021 3941; x_wconf 81' lang='lat' dir='ltr'><strong>story</strong></span> <span class='ocrx_word' id='word_1_217' title='bbox 1039 3881 1061 3928; x_wconf 85' lang='lat' dir='ltr'><strong>ie</strong></span> <span class='ocrx_word' id='word_1_218' title='bbox 1084 3880 1162 3929; x_wconf 76' lang='lat' dir='ltr'><strong>found</strong></span> <span class='ocrx_word' id='word_1_219' title='bbox 1180 3880 1206 3928; x_wconf 94' lang='lat' dir='ltr'><strong>in</strong></span> <span class='ocrx_word' id='word_1_220' title='bbox 1226 3880 1260 3928; x_wconf 85' lang='lat' dir='ltr'><strong>all</strong></span> <span class='ocrx_word' id='word_1_221' title='bbox 1279 3879 1324 3929; x_wconf 81' lang='lat' dir='ltr'><strong>the</strong></span> 
     </span>
     <span class='ocr_line' id='line_1_35' title="bbox 374 3951 1098 4012; baseline 0.001 -14"><span class='ocrx_word' id='word_1_222' title='bbox 374 3963 444 3998; x_wconf 79' lang='lat' dir='ltr'><strong>same</strong></span> <span class='ocrx_word' id='word_1_223' title='bbox 456 3954 523 4011; x_wconf 76' lang='lat' dir='ltr'><strong>story</strong></span> <span class='ocrx_word' id='word_1_224' title='bbox 531 3951 554 3999; x_wconf 83' lang='lat' dir='ltr'><strong>is</strong></span> <span class='ocrx_word' id='word_1_225' title='bbox 566 3951 662 3999; x_wconf 83' lang='lat' dir='ltr'><strong>related</strong></span> <span class='ocrx_word' id='word_1_226' title='bbox 673 3951 727 4000; x_wconf 81' lang='lat' dir='ltr'><strong>also</strong></span> <span class='ocrx_word' id='word_1_227' title='bbox 736 3952 768 4012; x_wconf 81' lang='lat' dir='ltr'><strong>by</strong></span> <span class='ocrx_word' id='word_1_228' title='bbox 778 3952 836 4000; x_wconf 88' lang='lat' dir='ltr'><strong>Flo·</strong></span> <span class='ocrx_word' id='word_1_229' title='bbox 861 3952 923 3999; x_wconf 82' lang='lat' dir='ltr'><strong>lives</strong></span> <span class='ocrx_word' id='word_1_230' title='bbox 934 3951 963 3999; x_wconf 82' lang='lat' dir='ltr'><strong>of</strong></span> <span class='ocrx_word' id='word_1_231' title='bbox 971 3951 1098 3999; x_wconf 81' lang='lat' dir='ltr'><strong>Dunetan.</strong></span> 
     </span>
     <span class='ocr_line' id='line_1_36' title="bbox 372 4015 1323 4088; baseline 0.001 -20"><span class='ocrx_word' id='word_1_232' title='bbox 372 4033 456 4080; x_wconf 85' lang='lat' dir='ltr'><strong>renee,</strong></span> <span class='ocrx_word' id='word_1_233' title='bbox 466 4020 528 4069; x_wconf 78' lang='lat' dir='ltr'><strong>from</strong></span> <span class='ocrx_word' id='word_1_234' title='bbox 540 4016 660 4069; x_wconf 83' lang='lat' dir='ltr'><strong>Osbern¹s</strong></span> <span class='ocrx_word' id='word_1_235' title='bbox 674 4020 728 4082; x_wconf 78' lang='lat' dir='ltr'><strong>life,</strong></span> <span class='ocrx_word' id='word_1_236' title='bbox 739 4036 765 4082; x_wconf 85' lang='lat' dir='ltr'><strong>p.</strong></span> <span class='ocrx_word' id='word_1_237' title='bbox 779 4025 835 4070; x_wconf 80' lang='grc'><strong>104.</strong></span> <span class='ocrx_word' id='word_1_238' title='bbox 897 4017 906 4047; x_wconf 83' lang='lat'><strong>⁴</strong></span> <span class='ocrx_word' id='word_1_239' title='bbox 919 4015 1043 4088; x_wconf 63' lang='lat' dir='ltr'><strong>cyneae]</strong></span> <span class='ocrx_word' id='word_1_240' title='bbox 1055 4019 1137 4069; x_wconf 86' lang='lat' dir='ltr'><strong>called</strong></span> <span class='ocrx_word' id='word_1_241' title='bbox 1149 4020 1182 4080; x_wconf 88' lang='lat' dir='ltr'><strong>by</strong></span> <span class='ocrx_word' id='word_1_242' title='bbox 1195 4018 1323 4069; x_wconf 78' lang='lat' dir='ltr'><strong>Bridierth</strong></span> 
     </span>
     <span class='ocr_line' id='line_1_37' title="bbox 409 4086 1323 4153; baseline 0.002 -15"><span class='ocrx_word' id='word_1_243' title='bbox 409 4086 597 4153; x_wconf 76' lang='lat' dir='ltr'><strong>&#39;Desuuctem.]</strong></span> <span class='ocrx_word' id='word_1_244' title='bbox 615 4090 717 4139; x_wconf 84' lang='lat' dir='ltr'><strong>Endred</strong></span> <span class='ocrx_word' id='word_1_245' title='bbox 733 4091 793 4139; x_wconf 87' lang='lat' dir='ltr'><strong>died</strong></span> <span class='ocrx_word' id='word_1_246' title='bbox 810 4095 837 4139; x_wconf 85' lang='lat' dir='ltr'><strong>et</strong></span> <span class='ocrx_word' id='word_1_247' title='bbox 860 4090 990 4153; x_wconf 78' lang='lat' dir='ltr'><strong>‘Cynegis</strong></span> <span class='ocrx_word' id='word_1_248' title='bbox 1000 4092 1018 4152; x_wconf 89' lang='lat'><strong>;&#39;</strong></span> <span class='ocrx_word' id='word_1_249' title='bbox 1040 4090 1168 4151; x_wconf 76' lang='lat' dir='ltr'><strong>supposed</strong></span> <span class='ocrx_word' id='word_1_250' title='bbox 1190 4095 1216 4137; x_wconf 87' lang='lat' dir='ltr'><strong>to</strong></span> <span class='ocrx_word' id='word_1_251' title='bbox 1232 4089 1263 4137; x_wconf 90' lang='lat' dir='ltr'><strong>be</strong></span> <span class='ocrx_word' id='word_1_252' title='bbox 1280 4091 1323 4140; x_wconf 76' lang='lat' dir='ltr'><strong>the</strong></span> 
     </span>
     <span class='ocr_line' id='line_1_38' title="bbox 373 4157 1323 4221; baseline 0 -13"><span class='ocrx_word' id='word_1_253' title='bbox 373 4157 631 4209; x_wconf 74' lang='lat' dir='ltr'><strong>meeonuemru</strong></span> <span class='ocrx_word' id='word_1_254' title='bbox 644 4161 795 4212; x_wconf 82' lang='lat' dir='ltr'><strong>November.</strong></span> <span class='ocrx_word' id='word_1_255' title='bbox 861 4174 930 4209; x_wconf 80' lang='lat' dir='ltr'><strong>earne</strong></span> <span class='ocrx_word' id='word_1_256' title='bbox 947 4160 1010 4209; x_wconf 85' lang='lat' dir='ltr'><strong>with</strong></span> <span class='ocrx_word' id='word_1_257' title='bbox 1031 4161 1116 4221; x_wconf 85' lang='lat' dir='ltr'><strong>Kinsi,</strong></span> <span class='ocrx_word' id='word_1_258' title='bbox 1137 4175 1166 4208; x_wconf 86' lang='lat' dir='ltr'><strong>or</strong></span> <span class='ocrx_word' id='word_1_259' title='bbox 1188 4159 1323 4220; x_wconf 62' lang='lat' dir='ltr'><strong>Kinsinua</strong></span> 
     </span>
     <span class='ocr_line' id='line_1_39' title="bbox 409 4225 1301 4295; baseline 0.002 -17"><span class='ocrx_word' id='word_1_260' title='bbox 409 4225 499 4279; x_wconf 71' lang='lat' dir='ltr'><strong>‘Huic</strong></span> <span class='ocrx_word' id='word_1_261' title='bbox 520 4231 629 4293; x_wconf 65' lang='lat' dir='ltr'><strong>amdan</strong></span> <span class='ocrx_word' id='word_1_262' title='bbox 650 4231 758 4295; x_wconf 67' lang='lat' dir='ltr'><strong>mulien]</strong></span> <span class='ocrx_word' id='word_1_263' title='bbox 782 4229 836 4281; x_wconf 83' lang='lat' dir='ltr'><strong>The</strong></span> <span class='ocrx_word' id='word_1_264' title='bbox 860 4230 951 4293; x_wconf 86' lang='lat' dir='ltr'><strong>bielrop</strong></span> <span class='ocrx_word' id='word_1_265' title='bbox 962 4230 992 4279; x_wconf 78' lang='lat' dir='ltr'><strong>ol</strong></span> <span class='ocrx_word' id='word_1_266' title='bbox 1000 4229 1123 4280; x_wconf 84' lang='lat' dir='ltr'><strong>Licbiield</strong></span> <span class='ocrx_word' id='word_1_267' title='bbox 1133 4236 1161 4279; x_wconf 83' lang='lat' dir='ltr'><strong>at</strong></span> <span class='ocrx_word' id='word_1_268' title='bbox 1171 4229 1221 4279; x_wconf 81' lang='lat' dir='ltr'><strong>thu</strong></span> <span class='ocrx_word' id='word_1_269' title='bbox 1231 4229 1301 4280; x_wconf 80' lang='lat' dir='ltr'><strong>tirno.</strong></span> 
     </span>
    </p>
   </div>
   <div class='ocr_carea' id='block_1_4' title="bbox 0 0 1461 4852">
    <p class='ocr_par' dir='ltr' id='par_1_5' title="bbox 0 0 1461 4852">
     <span class='ocr_line' id='line_1_40' title="bbox 0 0 1461 4852; baseline 0 0"><span class='ocrx_word' id='word_1_270' title='bbox 0 0 1461 4852; x_wconf 95' lang='lat' dir='ltr'><strong> </strong></span> 
     </span>
    </p>
   </div>
  </div>
 </body>
</html>
