2888 4852
420 420 559 468 rnonns
585 420 854 469 nrsronmnou.
1045 408 1110 470 245

157 576 233 639 lans
257 577 383 654 animo,
404 579 504 659 quasi
523 578 642 642 volens
668 579 826 660 aufugit3
850 579 910 642 sed
927 600 1009 643 mox
1028 599 1107 643 cum

156 676 292 740 furtivis
326 678 526 758 praedonum
553 680 814 756 conventiculis,
842 698 1024 743 nemorosa
1049 698 1105 761 pe-

157 783 234 839 tens
251 776 382 854 abdita,
399 778 434 840 in
456 777 589 840 insidiis
607 778 724 841 multis
741 780 968 862 exspectabat
984 779 1104 842 diebus

155 883 296 957 propter
313 877 545 958 proverbium,
561 897 630 959 quo
646 878 784 954 dicitur,

214 1033 299 1098 Quod
314 1053 370 1091 non
384 1034 471 1110 ionga
483 1052 564 1091 mora
578 1073 585 1088 .
600 1033 667 1091 dare
680 1034 761 1101 solet,
776 1034 825 1091 dat
838 1035 932 1093 brevis
946 1035 1025 1095 horo.

155 1177 294 1241 interea
311 1177 391 1240 dum
410 1197 471 1240 rex
490 1176 685 1241 Kinewlius
700 1178 822 1241 alienis
837 1181 1012 1244 amoribus
1028 1201 1100 1245 ser-

153 1276 249 1341 viens
279 1278 315 1340 in
343 1277 438 1354 villa,
465 1296 544 1359 quae
573 1270 774 1342 ¹Meretona
801 1278 938 1356 dicitur,
960 1279 1099 1347 furtivae

151 1378 267 1441 veneri
282 1376 488 1457 indulgeret,
503 1383 538 1439 et
553 1376 618 1440 hoc
635 1396 657 1439 a
674 1377 875 1441 Kinehardo
898 1380 1098 1461 supradicto

150 1484 362 1558 compertum
379 1476 513 1553 suisset,
529 1496 607 1539 oum
630 1476 702 1539 suis
720 1477 944 1560 complicibus
959 1478 1096 1545 domum

149 1576 233 1639 ioris
259 1575 415 1654 obsedit;
438 1575 498 1638 sed
522 1595 596 1652 rex,
615 1576 674 1657 qui
697 1596 774 1639 curn
797 1597 907 1659 parvo
930 1578 1096 1644 comitatu

149 1683 184 1738 et
200 1676 301 1757 quasi
325 1675 419 1738 solus
441 1674 642 1751 advenerat,
663 1683 702 1739 ut
728 1695 766 1738 se
790 1677 834 1739 ab
850 1676 1007 1740 hostibus
1031 1699 1096 1742 un·

148 1774 251 1857 dique
263 1774 430 1839 vallatum
453 1774 687 1856 comperisset,
701 1774 792 1838 ostia
805 1776 927 1839 domus
946 1777 1096 1843 occludit

147 1893 291 1956 sperans
315 1875 468 1938 latrones
484 1873 539 1936 vel
558 1880 685 1936 terrere
707 1873 851 1957 imperio
867 1875 922 1938 vel
946 1875 1095 1941 mulcere

146 1974 321 2056 alloquio;
345 1973 405 2035 sed
436 1973 577 2048 frustra,
608 1992 687 2036 nam
720 1993 797 2036 cum
823 1993 845 2036 a
874 1974 1094 2041 multitudine

147 2093 209 2135 rex
235 2074 489 2136 circumventus
514 2072 646 2148 inisset,
677 2072 758 2135 dum
790 2073 910 2136 cedere
935 2073 1093 2140 hostibus

146 2172 307 2236 damnum
331 2172 451 2253 gloriae
474 2191 546 2236 suae
569 2173 807 2248 arbitraretur,
823 2172 1013 2237 defensioni
1031 2196 1092 2240 va-

144 2292 227 2335 cans
254 2272 367 2354 ipsum
396 2271 634 2334 Kinehardnm
666 2272 849 2336 crudeliter
876 2272 1091 2354 vulneravit;

144 2371 209 2435 hoc
236 2378 352 2435 autem
376 2372 463 2448 viso,
480 2370 702 2434 Kinehardus
724 2391 801 2435 cunr
825 2372 897 2434 suis
918 2373 954 2435 in
975 2393 1090 2455 regem

144 2472 289 2549 irruens,
315 2471 428 2552 ipsum
450 2470 634 2534 interiecit.
687 2470 798 2534 Pauci
815 2490 952 2553 quoque
968 2492 1013 2535 ex
1030 2473 1091 2536 cli-

144 2571 259 2635 entela
281 2571 384 2652 regis,
410 2569 469 2653 qui
492 2569 648 2646 aderant,
665 2570 745 2633 dum
766 2590 835 2634 non
856 2590 979 2634 manus
996 2572 1091 2652 dare,

143 2671 204 2734 sed
230 2671 405 2734 dominum
427 2689 527 2732 suum
548 2669 723 2733 vindicare
750 2670 944 2747 intendunt,
972 2691 1091 2736 omnes

143 2770 282 2834 fuerunt
295 2770 425 2853 pariter
438 2769 647 2832 obtruncati.
699 2769 873 2833 Continuo
891 2768 984 2833 fama
1005 2771 1092 2836 dila-

141 2871 234 2934 bitur
251 2871 292 2933 ad
317 2869 490 2954 principes
512 2869 680 2950 perempti
697 2870 802 2950 regis,
818 2869 878 2949 qui
895 2889 963 2933 non
987 2870 1090 2952 longe

141 2972 306 3035 excubias
322 2971 484 3051 agebant,
506 2969 597 3032 inter
612 2987 699 3049 qnos
714 2962 876 3031 ²Osricus
895 2969 1006 3052 major
1021 2989 1089 3033 cae-

142 3072 224 3133 teris
250 3071 363 3134 socios
394 3069 596 3132 hortabatur
625 3087 667 3129 ne
702 3075 833 3130 tantam
863 3068 1087 3148 ignominiam

139 3170 285 3234 inultam
309 3168 541 3246 dimitterent;
573 3167 704 3230 strictis
733 3168 872 3230 ensibus
894 3168 1030 3231 irruunt
1052 3170 1088 3231 in

140 3270 268 3333 hostes.
332 3267 555 3332 Kinehardus
590 3266 655 3329 hoc
693 3267 813 3330 videns
846 3267 1088 3348 cognationem

140 3369 336 3452 praetendit,
354 3368 463 3430 multa
485 3366 679 3449 pollicetur,
706 3367 766 3430 sed
792 3366 850 3430 ubi
876 3365 961 3429 nihil
983 3368 1088 3448 profi-
1120 3367 1124 3378 '

139 3471 198 3546 cit,
218 3488 300 3532 suos
314 3468 357 3532 ad
374 3466 601 3531 resistendum
620 3465 800 3544 accendit;
825 3465 963 3530 tandem
983 3467 1087 3547 regiis

139 3569 304 3632 ministris
318 3568 417 3652 justa
434 3567 657 3649 proveniente
671 3566 829 3644 victoria,
847 3565 1086 3629 Kinehardnm

138 3689 216 3732 curn
244 3669 316 3731 suis
345 3667 503 3730 omnibus
541 3673 768 3747 peremerunt.
836 3663 972 3747 Corpus
1004 3685 1087 3730 vero

137 3769 229 3850 regis
247 3767 436 3832 Wintoniae
465 3765 638 3846 sepultum
663 3772 728 3841 est,
752 3764 946 3828 Kinehardi
971 3773 1087 3829 antem

171 4053 177 4081 ¹
192 4053 339 4114 diaretorum]
350 4052 449 4099 Merton
458 4051 484 4098 in
495 4051 599 4111 Surrey,
660 4043 671 4072 ⁹
682 4047 804 4108 Ouiana]
816 4046 891 4094 ‘who
903 4049 1024 4108 probably
1035 4048 1086 4097 had

136 4140 164 4173 as
177 4123 288 4174 Cumden
309 4135 449 4184 supposcs;
466 4121 515 4169 vol.
534 4121 552 4169 i.
572 4135 597 4181 p.
624 4119 664 4166 the
677 4122 837 4178 govemment
848 4115 877 4164 oi
891 4116 945 4164 that
956 4119 1087 4178 country;’

134 4199 190 4243 239.
623 4187 709 4248 carre,
720 4201 745 4248 p.
758 4189 815 4235 2³9.
