2888 4852
351 399 418 465 336
607 412 742 460 aocnar
767 413 813 460 nn
837 410 1042 461 wunnovaa

252 635 254 639 ,
354 590 433 656 qum
461 569 653 653 antiquitus
677 570 945 651 Cunegecestria
966 570 1156 636 dicebatur.
1208 568 1305 636 Nam

354 680 391 735 et
420 671 509 735 idem
535 678 676 734 sanctus
699 689 760 752 per
789 671 948 734 abbatem
975 670 1177 753 praedictum
1205 691 1305 737 man-

354 770 511 846 daverat,
527 777 567 833 ut
580 771 789 852 quicumque
806 769 850 832 ad
869 769 946 853 ejus
968 790 1093 854 corpus
1114 770 1251 853 fugeret
1266 772 1305 835 in

354 869 500 934 articulo
512 869 740 949 necessitatis
758 888 877 950 pacem
893 889 955 951 per
970 889 1121 934 mensem
1138 869 1281 935 haberet
1294 891 1304 949 3

354 969 444 1032 hanc
457 987 595 1051 qnoque
614 967 725 1049 legem
749 963 822 1031 tam
844 988 905 1031 rex
921 968 1097 1046 Alsrodus,
1114 989 1219 1051 quam
1239 989 1303 1034 rex

356 1067 564 1144 CuthreduS,
598 1076 779 1131 censuerat
815 1077 982 1150 perpetuo
1019 1069 1303 1135 conservandam.

288 1195 292 1204 ’
355 1167 412 1233 Ad
427 1167 492 1232 hoe
514 1168 654 1250 iusuper
668 1168 705 1230 in
720 1175 942 1248 augmentum
966 1168 1090 1251 prioris
1116 1169 1208 1233 sedis
1229 1168 1303 1251 epi·

356 1275 532 1349 scopatus,
561 1272 671 1330 totam
698 1275 825 1330 terram
856 1267 947 1331 inter
976 1268 1118 1332 flumina
1139 1268 1239 1354 Tyne
1266 1277 1303 1333 ot

356 1367 471 1450 Teyso
495 1366 632 1449 praelati
663 1385 764 1448 reges
786 1374 1031 1431 concesserunt
1050 1374 1170 1432 sancto
1192 1367 1304 1432 Cuth-

356 1468 454 1531 herto
472 1465 552 1549 jure
574 1472 741 1547 perpetuo
764 1466 1017 1548 possidendam,
1035 1475 1069 1531 et
1087 1468 1180 1530 illius
1203 1469 1303 1531 insti·

357 1565 501 1629 tutionis
512 1564 700 1628 violatores
716 1563 1069 1647 poenis'insernalibus
1084 1566 1303 1631 addixerunt.

357 1664 487 1729 Eodem
513 1671 668 1745 tempore
691 1665 912 1746 episcopatus
934 1665 1228 1747 Hagustaldensis
1248 1687 1305 1731 ec-

356 1763 471 1829 clesiae
485 1764 635 1828 cessavit
651 1771 792 1845 propter
806 1764 1009 1828 insolentias
1026 1785 1251 1848 paganorum.

414 1937 456 2001 Ut
471 1936 622 2001 Marinae
631 1956 721 2022 papa
737 1934 885 2022 reliquias
898 1935 1017 2001 miserit
1031 1938 1165 2022 Alfredo
1180 1942 1254 2025 rapi.

408 2061 511 2126 Anno
529 2061 670 2124 Domini
687 2054 1141 2124 ncccnxxx111.¹Marinus
1158 2063 1247 2126 sedit
1269 2066 1305 2128 in

358 2161 523 2226 cathedra
540 2160 699 2224 Romana
712 2179 803 2223 anno
817 2178 886 2223 uno
903 2166 938 2222 et
952 2161 1127 2224 mensibus
1142 2162 1305 2245 quinque.

361 2261 432 2324 Hic
448 2260 601 2324 scholam
615 2258 810 2340 Anglorum
828 2259 963 2337 Romae,
981 2259 1125 2324 Alfredo
1145 2281 1225 2343 rege
1247 2262 1308 2327 dc-

360 2368 533 2454 preeante,
564 2377 585 2422 a
617 2359 747 2422 tributo
783 2359 926 2421 liberam
961 2359 1070 2437 secit;
1108 2362 1167 2442 qui
1201 2363 1306 2426 etiam

360 2459 433 2542 regi
450 2458 596 2541 praesato
614 2457 758 2521 donaria
780 2458 1017 2522 transmittens
1039 2459 1197 2540 plurima,
1214 2461 1308 2526 dedit

360 2560 392 2623 ei
422 2559 513 2621 inter
543 2564 671 2620 caetera
697 2558 889 2639 portionem
920 2578 988 2621 nou
1019 2560 1186 2622 modicam
1215 2562 1308 2624 illius

359 2659 472 2723 crucis
500 2656 701 2732 salutiferae,
727 2657 761 2719 in
790 2675 859 2738 qua
884 2657 950 2720 Dei
970 2658 1079 2720 Filius
1103 2679 1165 2740 pro
1194 2661 1308 2725 salute

360 2758 479 2822 mundi
495 2756 670 2839 pependit.
722 2755 853 2819 Eodem
877 2776 968 2820 anno
989 2757 1150 2822 defuncto
1168 2759 1310 2839 Assero,

360 2857 621 2922 Scireburnensi
658 2856 826 2932 antistite,
863 2848 1093 2920 ²Suithelmus
1131 2863 1308 2924 successit.

363 2957 434 3021 Hic
452 2957 543 3038 regis
558 2954 692 3018 Alfredi
711 2956 965 3036 eleemosynam
983 2955 1027 3019 ad
1050 2966 1208 3021 sanctum
1225 2979 1308 3042 apo·

360 3057 489 3122 stolum
528 3055 698 3118 Thomam
734 3054 771 3116 in
801 3054 937 3118 indiam
970 3055 1126 3120 deserens
1162 3058 1309 3143 indeque

361 3175 524 3240 prospere
551 3153 687 3219 rediens
714 3154 841 3218 multos
875 3155 947 3236 regi
979 3158 1148 3238 pretiosos
1178 3159 1309 3241 lapides

361 3255 562 3339 reportavit.

592 3430 641 3493 De
656 3429 805 3513 mapietro
821 3430 962 3495 Joleaae
977 3434 1074 3497 Scoto.

415 3556 545 3620 Eodem
566 3573 657 3617 anno
680 3552 775 3616 venit
801 3555 836 3616 in
858 3553 1023 3637 Angliam
1047 3558 1211 3638 magister
1230 3553 1312 3623 ³Jo·

278 3659 284 3671 ’
364 3657 508 3731 hanneS,
523 3653 663 3716 natione
685 3651 822 3730 Scotus,
838 3655 892 3718 vir
907 3657 1115 3738 perspicacis
1132 3659 1261 3739 ingenii
1278 3668 1313 3723 et

400 3853 565 3916 Hilarinum]
592 3853 633 3900 He
655 3853 715 3901 died
739 3854 765 3900 in
786 3855 828 3903 the
852 3872 935 3905 rence.
974 3858 1027 3906 The
1054 3859 1115 3907 Sax.
1144 3859 1235 3908 Chron.
1264 3860 1314 3909 and

364 3928 450 3979 month
461 3926 489 3975 ot
498 3925 559 3984 May
573 3925 630 3971 eet.
667 3923 717 3971 Hie
729 3931 828 3983 present
854 3927 1023 3988 ltlalrnsbury‚
1031 3928 1063 3976 de
1072 3928 1145 3978 Gest.
1152 3930 1314 3990 Pontit.,call

364 4007 391 4050 to
402 3995 505 4048 heltred
521 3995 544 4042 is
559 3993 613 4041 also
625 3993 725 4040 noticed
741 3994 767 4040 in
785 3995 827 4043 the
853 3997 903 4044 him
923 3998 1053 4059 sighelm
1075 3998 1116 4046 the
1140 3999 1232 4047 former
1245 4001 1315 4061 joina

364 4073 448 4121 Saron
460 4066 562 4124 Chrom,
574 4061 624 4110 and
639 4061 680 4110 the
697 4063 828 4113 remissior
852 4067 913 4114 with
925 4069 976 4116 him
996 4070 1021 4116 in
1042 4068 1082 4116 his
1099 4069 1201 4117 mission
1213 4070 1316 4118 Aethal-

363 4141 394 4191 οἰ
403 4132 826 4194 Romeseotbyhsser‚udan.884.
852 4142 916 4186 stan.

401 4203 603 4265 ’Saittelmua.]
626 4203 659 4251 So
687 4203 741 4252 also
770 4204 826 4253 Flo·
887 4205 1130 4270 ³doluraaee,sartione
1139 4208 1317 4271 scolopend-
