2888 4852
323 397 346 460 6
580 411 714 460 noonnr
740 413 786 460 on
809 411 1015 461 wnnuovnn

326 569 543 634 cursionibus
560 566 720 649 fatigato,
736 573 857 632 contra
883 564 1032 630 bostium
1050 564 1273 648 irruptionem

326 671 471 751 ignarus
495 667 579 751 quid
610 674 742 749 ageret,
774 667 913 731 tandem
942 667 1102 731 omnibus
1131 665 1275 747 placuit,

327 776 366 833 ut
384 776 520 851 gentem
537 767 728 845 Saxonum,
743 767 786 831 de
801 767 958 850 partibus
972 766 1224 843 transmarinis,
1239 766 1276 829 in

327 869 498 932 auxilium
524 861 793 948 ¹convocarent;
826 865 918 950 quod
944 866 1061 931 divino
1092 872 1181 930 nutu
1205 865 1276 930 dis·

326 969 477 1052 positum
496 987 572 1032 esse
586 973 736 1045 constat,
752 974 792 1031 ut
808 967 943 1031 veniret
958 973 1080 1031 contra
1100 966 1277 1049 improbos

327 1069 468 1147 malum,
494 1069 584 1132 sicut
610 1067 803 1132 evidentius
832 1086 945 1131 rerum
971 1066 1088 1131 exitus
1119 1085 1277 1149 compro-

327 1168 433 1232 bavit.
480 1168 673 1232 Mittuntur
688 1168 821 1231 interea
843 1168 879 1230 in
905 1165 1129 1231 Germaniam
1150 1166 1276 1246 nuntii,

326 1276 378 1346 ut,
396 1268 487 1351 quod
503 1267 728 1351 praelocutum
744 1274 810 1345 est,
825 1286 928 1349 opere
943 1267 1169 1351 compleatur.

376 1443 464 1506 Noto
479 1440 589 1507 bollum
603 1462 665 1507 non
675 1438 805 1518 viridas,
820 1438 874 1506 sed
885 1437 1052 1504 olrtntidaa
1065 1436 1224 1505 obtentura.

165 1591 274 1629 nona.
386 1565 491 1632 Anno
529 1568 652 1651 gratiae
684 1583 905 1631 ccccxnvm.
932 1565 1025 1630 Picti
1053 1585 1132 1629 cum
1162 1564 1275 1630 Scotis

163 1641 223 1730 {dd
231 1641 309 1731 iiim
326 1666 455 1731 bellum
477 1668 661 1733 adversum
687 1668 863 1744 Britones,
884 1665 1017 1750 junctis
1036 1666 1180 1743 viribus,
1197 1686 1275 1730 sus·

166 1740 256 1782 'mum'
326 1776 503 1851 oeperunt.
549 1767 637 1833 Cum
663 1787 745 1832 vero
773 1766 934 1831 Britanni
956 1772 1075 1848 partes
1097 1785 1179 1830 suas
1202 1765 1276 1832 lore

326 1868 476 1951 impares
496 1868 706 1952 judicarent,
736 1873 935 1931 sanctorum
963 1866 1159 1931 antistitum
1187 1865 1276 1930 Ger·
1358 1907 1361 1913 -

326 1969 420 2032 mani
454 1975 490 2032 et
520 1967 611 2051 Lupi
651 1966 820 2031 auxilium
859 1967 1045 2049 petierunt.
1113 1966 1275 2049 Denique

327 2086 406 2131 cum
428 2067 540 2151 major
554 2087 636 2151 pars
649 2066 822 2132 exercitus
844 2085 941 2130 arma
962 2085 1086 2149 capere
1098 2073 1134 2130 et
1146 2066 1275 2130 bellum

327 2186 452 2250 parare
483 2174 669 2247 tentarent,
706 2165 902 2231 Germanus
938 2186 976 2230 se
1008 2166 1131 2230 ducem
1162 2166 1274 2249 praelii

327 2266 482 2331 futurum
513 2267 662 2348 latetur3
697 2268 796 2350 eligit
827 2266 1021 2351 expeditos,
1052 2266 1275 2351 circumJecta

326 2366 508 2449 percurrit,
529 2375 565 2431 et
590 2387 610 2432 e
634 2368 788 2451 regione,
805 2387 876 2451 qua
894 2366 1045 2431 hostium
1071 2367 1276 2448 sperabatur

326 2466 509 2546 adventus,
532 2468 659 2532 vallem
685 2467 932 2533 circumdatam
955 2465 1076 2530 mediis
1100 2467 1275 2531 montibus

327 2567 494 2645 intuetur,
521 2587 591 2650 quo
615 2568 652 2631 in
676 2567 754 2633 loco
775 2569 850 2650 ipse
877 2567 949 2631 dux
971 2567 1118 2648 agminis
1143 2587 1272 2631 novum

326 2667 519 2730 exercitum
540 2669 728 2750 componit.
775 2668 821 2734 Et
840 2667 916 2752 jam
938 2666 1059 2731 aderat
1075 2665 1174 2731 ferox
1194 2665 1275 2731 bos·

326 2766 413 2829 tium
430 2767 628 2846 multitudo,
642 2787 746 2852 quam
761 2768 1039 2851 appropinquare
1051 2766 1276 2831 intuebantur

326 2865 362 2928 in
391 2866 524 2931 insidiis
557 2869 749 2933 constituti.
807 2867 908 2932 Tunc
932 2868 1047 2932 subito
1078 2866 1274 2931 Germanus

325 2967 468 3048 signifer
485 2969 665 3034 universos
690 2969 852 3033 admonet
878 2975 913 3031 et
938 2967 1116 3050 praedicat,
1141 2974 1180 3031 ut
1196 2969 1274 3032 voci

323 3085 399 3130 snae
430 3087 499 3132 uno
526 3069 675 3134 clamore
708 3068 964 3152 respondeant;
1004 3074 1040 3131 et
1073 3067 1271 3133 sacerdotes

325 3158 527 3231 '‘Alleluia'
541 3169 645 3233 tertio
655 3171 840 3252 repetitum
855 3169 1111 3232 exclamabant.
1149 3167 1272 3252 Sequi·

325 3272 384 3328 tur
399 3285 468 3330 una
481 3286 553 3331 vox
569 3268 734 3346 omnium,
752 3276 787 3333 et
802 3269 931 3333 elatum
946 3267 1141 3346 clamorem,
1157 3288 1270 3351 reper-

161 3382 299 3475 &mil
324 3383 427 3429 cusso
444 3385 535 3444 aere,
553 3368 721 3433 montium
736 3369 899 3435 conclusa
912 3367 1164 3451 multiplicant3
1190 3368 1272 3433 bos·

161 3461 210 3524 nie
324 3465 385 3529 tile
411 3485 536 3548 agmen
549 3474 679 3531 terrore
702 3469 942 3551 prosternitur,
957 3475 993 3533 et
1016 3488 1179 3551 superse
1201 3489 1272 3534 non

325 3564 437 3629 solum
463 3586 566 3648 rupes
589 3568 830 3646 circumdatae,
846 3569 908 3632 sed
930 3569 1035 3632 etiam
1057 3569 1169 3651 ipsam
1195 3570 1272 3634 caeli

324 3665 518 3730 machinam
534 3668 666 3751 [ruere]
685 3669 966 3747 contremiscunt,
980 3668 1271 3752 trepidationique

361 3936 370 3969 ¹
392 3941 586 4004 Coaeocarent]
615 3942 667 3994 Mr.
689 3943 785 3994 Sharon
808 3945 896 3995 tutior.
932 3944 1024 3996 Gildas
1043 3951 1121 3996 etates
1138 3946 1193 3996 that
1209 3947 1270 4011 they

322 4008 420 4059 Tumor
437 4011 573 4060 concludes
594 4012 650 4061 that
667 4013 709 4062 tbe
732 4015 785 4064 first
809 4030 877 4064 were
887 4015 983 4064 invited
998 4016 1063 4066 aster
1080 4017 1122 4066 the
1141 4018 1233 4079 appeal
1243 4025 1271 4068 to

322 4081 414 4129 arrival
436 4081 466 4129 oi
484 4081 526 4129 the
549 4082 647 4132 Saxona
665 4098 721 4133 was
743 4100 784 4134 ca·
807 4085 954 4135 Aetiusthe
966 4087 1062 4136 Roman
1073 4089 1161 4138 consul
1174 4089 1199 4136 in
1211 4093 1269 4141 loo.

322 4151 388 4212 sual,
408 4152 454 4200 bnt
473 4151 528 4200 that
544 4152 611 4201 their
629 4155 784 4216 subsequent
842 4152 853 4184 ²
873 4155 1009 4221 Alleluia]
1033 4158 1080 4207 See
1102 4159 1129 4207 S.
1152 4159 1270 4222 Gregorii

321 4218 433 4272 increase
444 4236 499 4272 was
518 4221 560 4271 the
579 4224 660 4274 result
677 4224 706 4274 ol
720 4226 783 4276 invi·
806 4240 866 4288 opp.
878 4226 938 4276 edit.
950 4227 1081 4278 Benedict.
1093 4229 1111 4278 i.
1122 4232 1179 4279 862.
