<?xml version="1.0" encoding="UTF-8"?>
<!DOCTYPE html PUBLIC "-//W3C//DTD XHTML 1.0 Transitional//EN"
    "http://www.w3.org/TR/xhtml1/DTD/xhtml1-transitional.dtd">
<html xmlns="http://www.w3.org/1999/xhtml" xml:lang="en" lang="en">
 <head>
  <title>
</title>
<meta http-equiv="Content-Type" content="text/html;charset=utf-8" />
  <meta name='ocr-system' content='tesseract 3.04.00' />
  <meta name='ocr-capabilities' content='ocr_page ocr_carea ocr_par ocr_line ocrx_word'/>
</head>
<body>
  <div class='ocr_page' id='page_1' title='image "./rogeridewendove04rogegoog_0159.png"; bbox 0 0 2888 4852; ppageno 0'>
   <div class='ocr_carea' id='block_1_1' title="bbox 309 396 999 460">
    <p class='ocr_par' dir='ltr' id='par_1_1' title="bbox 309 396 999 460">
     <span class='ocr_line' id='line_1_1' title="bbox 309 396 999 460; baseline -0.003 0"><span class='ocrx_word' id='word_1_1' title='bbox 309 396 375 460; x_wconf 86' lang='grc'>116</span> <span class='ocrx_word' id='word_1_2' title='bbox 561 409 694 458; x_wconf 80' lang='lat' dir='ltr'>uocum</span> <span class='ocrx_word' id='word_1_3' title='bbox 723 409 770 457; x_wconf 85' lang='lat' dir='ltr'>nn</span> <span class='ocrx_word' id='word_1_4' title='bbox 793 407 999 458; x_wconf 82' lang='lat' dir='ltr'>wnunovnn</span> 
     </span>
    </p>
   </div>
   <div class='ocr_carea' id='block_1_2' title="bbox 197 564 1271 2949">
    <p class='ocr_par' dir='ltr' id='par_1_2' title="bbox 311 564 1270 2451">
     <span class='ocr_line' id='line_1_2' title="bbox 311 564 1264 653; baseline -0.003 -21"><span class='ocrx_word' id='word_1_5' title='bbox 311 567 531 653; x_wconf 86' lang='lat' dir='ltr'>proverbium</span> <span class='ocrx_word' id='word_1_6' title='bbox 558 585 669 648; x_wconf 92' lang='lat' dir='ltr'>usque</span> <span class='ocrx_word' id='word_1_7' title='bbox 696 567 732 630; x_wconf 94' lang='lat' dir='ltr'>in</span> <span class='ocrx_word' id='word_1_8' title='bbox 756 564 960 630; x_wconf 89' lang='lat' dir='ltr'>hodiernum</span> <span class='ocrx_word' id='word_1_9' title='bbox 987 566 1090 643; x_wconf 82' lang='lat' dir='ltr'>diem,</span> <span class='ocrx_word' id='word_1_10' title='bbox 1114 564 1264 646; x_wconf 71' lang='lat' dir='ltr'>‘Amnis</span> 
     </span>
     <span class='ocr_line' id='line_1_3' title="bbox 314 665 1263 750; baseline -0.003 -17"><span class='ocrx_word' id='word_1_11' title='bbox 314 669 390 734; x_wconf 90' lang='lat' dir='ltr'>Idle</span> <span class='ocrx_word' id='word_1_12' title='bbox 414 668 607 750; x_wconf 83' lang='lat' dir='ltr'>Anglorum</span> <span class='ocrx_word' id='word_1_13' title='bbox 639 667 773 730; x_wconf 92' lang='lat' dir='ltr'>sorduit</span> <span class='ocrx_word' id='word_1_14' title='bbox 799 666 946 731; x_wconf 90' lang='lat' dir='ltr'>cruore.&#39;</span> <span class='ocrx_word' id='word_1_15' title='bbox 997 665 1113 748; x_wconf 87' lang='lat' dir='ltr'>Igitur</span> <span class='ocrx_word' id='word_1_16' title='bbox 1141 666 1263 730; x_wconf 90' lang='lat' dir='ltr'>Ethel-</span> 
     </span>
     <span class='ocr_line' id='line_1_4' title="bbox 314 765 1263 848; baseline -0.002 -16"><span class='ocrx_word' id='word_1_17' title='bbox 314 768 435 844; x_wconf 84' lang='lat' dir='ltr'>sridus,</span> <span class='ocrx_word' id='word_1_18' title='bbox 454 766 547 832; x_wconf 87' lang='lat' dir='ltr'>ferus</span> <span class='ocrx_word' id='word_1_19' title='bbox 575 775 611 832; x_wconf 90' lang='lat' dir='ltr'>et</span> <span class='ocrx_word' id='word_1_20' title='bbox 641 767 825 848; x_wconf 84' lang='lat' dir='ltr'>indignans</span> <span class='ocrx_word' id='word_1_21' title='bbox 856 775 892 831; x_wconf 90' lang='lat' dir='ltr'>et</span> <span class='ocrx_word' id='word_1_22' title='bbox 913 765 1059 830; x_wconf 90' lang='lat' dir='ltr'>multum</span> <span class='ocrx_word' id='word_1_23' title='bbox 1085 766 1263 830; x_wconf 89' lang='lat' dir='ltr'>admirans</span> 
     </span>
     <span class='ocr_line' id='line_1_5' title="bbox 315 867 1266 953; baseline -0.003 -21"><span class='ocrx_word' id='word_1_24' title='bbox 315 869 408 953; x_wconf 90' lang='lat' dir='ltr'>quod</span> <span class='ocrx_word' id='word_1_25' title='bbox 424 868 550 950; x_wconf 93' lang='lat' dir='ltr'>aliquis</span> <span class='ocrx_word' id='word_1_26' title='bbox 572 886 649 931; x_wconf 88' lang='lat' dir='ltr'>cum</span> <span class='ocrx_word' id='word_1_27' title='bbox 671 867 732 931; x_wconf 92' lang='lat' dir='ltr'>illo</span> <span class='ocrx_word' id='word_1_28' title='bbox 748 867 891 932; x_wconf 81' lang='lat' dir='ltr'>auderet</span> <span class='ocrx_word' id='word_1_29' title='bbox 905 867 1081 948; x_wconf 80' lang='lat' dir='ltr'><strong>congredi,</strong></span> <span class='ocrx_word' id='word_1_30' title='bbox 1098 867 1266 930; x_wconf 76' lang='lat' dir='ltr'>audacter</span> 
     </span>
     <span class='ocr_line' id='line_1_6' title="bbox 316 966 1265 1051; baseline -0.004 -18"><span class='ocrx_word' id='word_1_31' title='bbox 316 968 452 1051; x_wconf 88' lang='lat' dir='ltr'>quidem</span> <span class='ocrx_word' id='word_1_32' title='bbox 473 967 533 1030; x_wconf 87' lang='lat' dir='ltr'>sed</span> <span class='ocrx_word' id='word_1_33' title='bbox 556 967 748 1031; x_wconf 89' lang='lat' dir='ltr'>inordinate</span> <span class='ocrx_word' id='word_1_34' title='bbox 767 967 804 1030; x_wconf 92' lang='lat' dir='ltr'>in</span> <span class='ocrx_word' id='word_1_35' title='bbox 830 966 947 1031; x_wconf 87' lang='lat' dir='ltr'>hostes</span> <span class='ocrx_word' id='word_1_36' title='bbox 969 968 1080 1044; x_wconf 89' lang='lat' dir='ltr'>irruit,</span> <span class='ocrx_word' id='word_1_37' title='bbox 1104 966 1265 1048; x_wconf 86' lang='lat' dir='ltr'>quamvis</span> 
     </span>
     <span class='ocr_line' id='line_1_7' title="bbox 316 1066 1266 1149; baseline -0.003 -17"><span class='ocrx_word' id='word_1_38' title='bbox 316 1069 408 1132; x_wconf 89' lang='lat' dir='ltr'>acies</span> <span class='ocrx_word' id='word_1_39' title='bbox 424 1066 629 1131; x_wconf 83' lang='lat' dir='ltr'>Reodwaldi</span> <span class='ocrx_word' id='word_1_40' title='bbox 644 1067 820 1148; x_wconf 83' lang='lat' dir='ltr'>eleganter</span> <span class='ocrx_word' id='word_1_41' title='bbox 837 1067 1028 1149; x_wconf 85' lang='lat' dir='ltr'>[ordinata]</span> <span class='ocrx_word' id='word_1_42' title='bbox 1050 1067 1266 1130; x_wconf 88' lang='lat' dir='ltr'>intuentibus</span> 
     </span>
     <span class='ocr_line' id='line_1_8' title="bbox 318 1165 1264 1232; baseline -0.003 0"><span class='ocrx_word' id='word_1_43' title='bbox 318 1176 482 1232; x_wconf 90' lang='lat' dir='ltr'>terrorem</span> <span class='ocrx_word' id='word_1_44' title='bbox 513 1187 583 1231; x_wconf 92' lang='lat' dir='ltr'>non</span> <span class='ocrx_word' id='word_1_45' title='bbox 610 1167 787 1230; x_wconf 93' lang='lat' dir='ltr'>minimum</span> <span class='ocrx_word' id='word_1_46' title='bbox 819 1165 971 1231; x_wconf 84' lang='lat' dir='ltr'>inferret.</span> <span class='ocrx_word' id='word_1_47' title='bbox 1035 1166 1116 1231; x_wconf 83' lang='lat' dir='ltr'>Rex</span> <span class='ocrx_word' id='word_1_48' title='bbox 1146 1173 1264 1230; x_wconf 88' lang='lat' dir='ltr'>tamen</span> 
     </span>
     <span class='ocr_line' id='line_1_9' title="bbox 320 1266 1266 1350; baseline -0.003 -17"><span class='ocrx_word' id='word_1_49' title='bbox 320 1266 717 1344; x_wconf 86' lang='lat' dir='ltr'>Northanhumbrorum,</span> <span class='ocrx_word' id='word_1_50' title='bbox 734 1267 834 1348; x_wconf 89' lang='lat' dir='ltr'>quasi</span> <span class='ocrx_word' id='word_1_51' title='bbox 850 1266 968 1350; x_wconf 85' lang='lat' dir='ltr'>praeda</span> <span class='ocrx_word' id='word_1_52' title='bbox 983 1267 1137 1342; x_wconf 86' lang='lat' dir='ltr'>inventa,</span> <span class='ocrx_word' id='word_1_53' title='bbox 1148 1267 1266 1330; x_wconf 90' lang='lat' dir='ltr'>subito</span> 
     </span>
     <span class='ocr_line' id='line_1_10' title="bbox 317 1365 1265 1451; baseline -0.003 -20"><span class='ocrx_word' id='word_1_54' title='bbox 317 1387 487 1451; x_wconf 83' lang='lat' dir='ltr'>proruens</span> <span class='ocrx_word' id='word_1_55' title='bbox 516 1367 552 1430; x_wconf 94' lang='lat' dir='ltr'>in</span> <span class='ocrx_word' id='word_1_56' title='bbox 590 1386 716 1430; x_wconf 89' lang='lat' dir='ltr'>cuneos</span> <span class='ocrx_word' id='word_1_57' title='bbox 756 1365 1042 1448; x_wconf 84' lang='lat' dir='ltr'>conglomeratos,</span> <span class='ocrx_word' id='word_1_58' title='bbox 1075 1366 1265 1431; x_wconf 84' lang='lat' dir='ltr'>Reinerum</span> 
     </span>
     <span class='ocr_line' id='line_1_11' title="bbox 318 1465 1267 1551; baseline -0.002 -20"><span class='ocrx_word' id='word_1_59' title='bbox 318 1469 507 1551; x_wconf 85' lang='lat' dir='ltr'>principem</span> <span class='ocrx_word' id='word_1_60' title='bbox 525 1465 657 1530; x_wconf 86' lang='lat' dir='ltr'>militiae</span> <span class='ocrx_word' id='word_1_61' title='bbox 673 1468 766 1548; x_wconf 90' lang='lat' dir='ltr'>regis</span> <span class='ocrx_word' id='word_1_62' title='bbox 781 1465 985 1531; x_wconf 88' lang='lat' dir='ltr'>Reodwaldi</span> <span class='ocrx_word' id='word_1_63' title='bbox 997 1486 1076 1530; x_wconf 90' lang='lat' dir='ltr'>cum</span> <span class='ocrx_word' id='word_1_64' title='bbox 1092 1474 1170 1530; x_wconf 91' lang='lat' dir='ltr'>tota</span> <span class='ocrx_word' id='word_1_65' title='bbox 1189 1466 1267 1530; x_wconf 83' lang='lat' dir='ltr'>acie</span> 
     </span>
     <span class='ocr_line' id='line_1_12' title="bbox 318 1565 1266 1651; baseline -0.003 -19"><span class='ocrx_word' id='word_1_66' title='bbox 318 1588 383 1632; x_wconf 89' lang='lat' dir='ltr'>sua</span> <span class='ocrx_word' id='word_1_67' title='bbox 404 1565 606 1651; x_wconf 87' lang='lat' dir='ltr'>prostravit,</span> <span class='ocrx_word' id='word_1_68' title='bbox 631 1575 667 1630; x_wconf 88' lang='lat' dir='ltr'>et</span> <span class='ocrx_word' id='word_1_69' title='bbox 691 1566 735 1629; x_wconf 94' lang='lat' dir='ltr'>ad</span> <span class='ocrx_word' id='word_1_70' title='bbox 758 1566 885 1630; x_wconf 88' lang='lat' dir='ltr'>inseres</span> <span class='ocrx_word' id='word_1_71' title='bbox 909 1567 1100 1650; x_wconf 88' lang='lat' dir='ltr'>impetuose</span> <span class='ocrx_word' id='word_1_72' title='bbox 1124 1567 1266 1631; x_wconf 85' lang='lat' dir='ltr'>direxit.</span> 
     </span>
     <span class='ocr_line' id='line_1_13' title="bbox 319 1666 1268 1750; baseline -0.001 -19"><span class='ocrx_word' id='word_1_73' title='bbox 319 1666 554 1732; x_wconf 86' lang='lat' dir='ltr'>Reodwaldus</span> <span class='ocrx_word' id='word_1_74' title='bbox 571 1675 700 1744; x_wconf 90' lang='lat' dir='ltr'>autem,</span> <span class='ocrx_word' id='word_1_75' title='bbox 714 1673 814 1730; x_wconf 90' lang='lat' dir='ltr'>tanta</span> <span class='ocrx_word' id='word_1_76' title='bbox 833 1666 931 1731; x_wconf 86' lang='lat' dir='ltr'>clade</span> <span class='ocrx_word' id='word_1_77' title='bbox 947 1668 1086 1731; x_wconf 88' lang='lat' dir='ltr'>minime</span> <span class='ocrx_word' id='word_1_78' title='bbox 1107 1666 1268 1750; x_wconf 88' lang='lat' dir='ltr'>perterri-</span> 
     </span>
     <span class='ocr_line' id='line_1_14' title="bbox 319 1766 1266 1845; baseline -0.003 -12"><span class='ocrx_word' id='word_1_79' title='bbox 319 1776 376 1833; x_wconf 90' lang='lat' dir='ltr'>tus</span> <span class='ocrx_word' id='word_1_80' title='bbox 387 1768 447 1832; x_wconf 87' lang='lat' dir='ltr'>sed</span> <span class='ocrx_word' id='word_1_81' title='bbox 462 1769 506 1832; x_wconf 86' lang='lat' dir='ltr'>ad</span> <span class='ocrx_word' id='word_1_82' title='bbox 523 1766 712 1833; x_wconf 87' lang='lat' dir='ltr'>vindictam</span> <span class='ocrx_word' id='word_1_83' title='bbox 734 1768 919 1845; x_wconf 89' lang='lat' dir='ltr'>animatus,</span> <span class='ocrx_word' id='word_1_84' title='bbox 936 1786 1064 1831; x_wconf 90' lang='lat' dir='ltr'>cuneos</span> <span class='ocrx_word' id='word_1_85' title='bbox 1080 1766 1266 1832; x_wconf 80' lang='lat' dir='ltr'>Etheltridi</span> 
     </span>
     <span class='ocr_line' id='line_1_15' title="bbox 318 1867 1267 1950; baseline -0.001 -18"><span class='ocrx_word' id='word_1_86' title='bbox 318 1868 539 1933; x_wconf 83' lang='lat' dir='ltr'>laudabiliter</span> <span class='ocrx_word' id='word_1_87' title='bbox 575 1867 770 1950; x_wconf 86' lang='lat' dir='ltr'>penetravit</span> <span class='ocrx_word' id='word_1_88' title='bbox 806 1874 924 1950; x_wconf 87' lang='lat' dir='ltr'>atque,</span> <span class='ocrx_word' id='word_1_89' title='bbox 955 1886 1077 1932; x_wconf 89' lang='lat' dir='ltr'>cruore</span> <span class='ocrx_word' id='word_1_90' title='bbox 1112 1868 1267 1931; x_wconf 87' lang='lat' dir='ltr'>maximo</span> 
     </span>
     <span class='ocr_line' id='line_1_16' title="bbox 320 1966 1266 2051; baseline -0.002 -18"><span class='ocrx_word' id='word_1_91' title='bbox 320 1968 470 2033; x_wconf 92' lang='lat' dir='ltr'>hostium</span> <span class='ocrx_word' id='word_1_92' title='bbox 508 1966 662 2050; x_wconf 90' lang='lat' dir='ltr'>prosuso,</span> <span class='ocrx_word' id='word_1_93' title='bbox 689 1987 806 2048; x_wconf 90' lang='lat' dir='ltr'>regem</span> <span class='ocrx_word' id='word_1_94' title='bbox 843 1969 1028 2051; x_wconf 91' lang='lat' dir='ltr'>superbum</span> <span class='ocrx_word' id='word_1_95' title='bbox 1064 1967 1266 2045; x_wconf 88' lang='lat' dir='ltr'>interemit;</span> 
     </span>
     <span class='ocr_line' id='line_1_17' title="bbox 320 2067 1267 2150; baseline 0 -18"><span class='ocrx_word' id='word_1_96' title='bbox 320 2068 445 2133; x_wconf 90' lang='lat' dir='ltr'>deinde</span> <span class='ocrx_word' id='word_1_97' title='bbox 470 2067 588 2131; x_wconf 88' lang='lat' dir='ltr'>hostes</span> <span class='ocrx_word' id='word_1_98' title='bbox 612 2068 686 2130; x_wconf 91' lang='lat' dir='ltr'>sine</span> <span class='ocrx_word' id='word_1_99' title='bbox 713 2068 842 2150; x_wconf 90' lang='lat' dir='ltr'>pietate</span> <span class='ocrx_word' id='word_1_100' title='bbox 867 2069 1044 2132; x_wconf 89' lang='lat' dir='ltr'>insecutus</span> <span class='ocrx_word' id='word_1_101' title='bbox 1066 2087 1185 2131; x_wconf 89' lang='lat' dir='ltr'>omnes</span> <span class='ocrx_word' id='word_1_102' title='bbox 1208 2086 1267 2132; x_wconf 88' lang='lat' dir='ltr'>eo·</span> 
     </span>
     <span class='ocr_line' id='line_1_18' title="bbox 320 2166 1270 2250; baseline 0 -19"><span class='ocrx_word' id='word_1_103' title='bbox 320 2188 395 2231; x_wconf 91' lang='lat' dir='ltr'>rum</span> <span class='ocrx_word' id='word_1_104' title='bbox 421 2168 514 2231; x_wconf 89' lang='lat' dir='ltr'>acies</span> <span class='ocrx_word' id='word_1_105' title='bbox 540 2166 741 2250; x_wconf 89' lang='lat' dir='ltr'>dissipando</span> <span class='ocrx_word' id='word_1_106' title='bbox 760 2167 935 2232; x_wconf 88' lang='lat' dir='ltr'>contrivit.</span> <span class='ocrx_word' id='word_1_107' title='bbox 988 2168 1031 2232; x_wconf 89' lang='lat' dir='ltr'>ln</span> <span class='ocrx_word' id='word_1_108' title='bbox 1049 2167 1114 2231; x_wconf 87' lang='lat' dir='ltr'>hae</span> <span class='ocrx_word' id='word_1_109' title='bbox 1130 2186 1270 2250; x_wconf 90' lang='lat' dir='ltr'>quoque</span> 
     </span>
     <span class='ocr_line' id='line_1_19' title="bbox 320 2267 1268 2351; baseline -0.001 -20"><span class='ocrx_word' id='word_1_110' title='bbox 320 2286 439 2351; x_wconf 85' lang='lat' dir='ltr'>pugna</span> <span class='ocrx_word' id='word_1_111' title='bbox 464 2267 680 2350; x_wconf 89' lang='lat' dir='ltr'>potissimum</span> <span class='ocrx_word' id='word_1_112' title='bbox 709 2267 883 2332; x_wconf 90' lang='lat' dir='ltr'>laudanda</span> <span class='ocrx_word' id='word_1_113' title='bbox 907 2268 973 2332; x_wconf 87' lang='lat' dir='ltr'>suit</span> <span class='ocrx_word' id='word_1_114' title='bbox 996 2269 1151 2351; x_wconf 89' lang='lat' dir='ltr'>probitas</span> <span class='ocrx_word' id='word_1_115' title='bbox 1175 2267 1268 2330; x_wconf 89' lang='lat' dir='ltr'>Ead-</span> 
     </span>
     <span class='ocr_line' id='line_1_20' title="bbox 321 2367 1269 2451; baseline -0.001 -19"><span class='ocrx_word' id='word_1_116' title='bbox 321 2368 415 2445; x_wconf 90' lang='lat' dir='ltr'>wini‚</span> <span class='ocrx_word' id='word_1_117' title='bbox 431 2367 490 2450; x_wconf 90' lang='lat' dir='ltr'>qui</span> <span class='ocrx_word' id='word_1_118' title='bbox 512 2367 555 2431; x_wconf 89' lang='lat' dir='ltr'>de</span> <span class='ocrx_word' id='word_1_119' title='bbox 575 2386 682 2449; x_wconf 90' lang='lat' dir='ltr'>regno</span> <span class='ocrx_word' id='word_1_120' title='bbox 705 2367 765 2430; x_wconf 91' lang='lat' dir='ltr'>illo</span> <span class='ocrx_word' id='word_1_121' title='bbox 780 2367 947 2450; x_wconf 87' lang='lat' dir='ltr'>expulsus</span> <span class='ocrx_word' id='word_1_122' title='bbox 971 2369 1064 2451; x_wconf 91' lang='lat' dir='ltr'>apud</span> <span class='ocrx_word' id='word_1_123' title='bbox 1081 2367 1269 2432; x_wconf 87' lang='lat' dir='ltr'>Reodwal·</span> 
     </span>
    </p>

    <p class='ocr_par' dir='ltr' id='par_1_3' title="bbox 197 2466 1271 2949">
     <span class='ocr_line' id='line_1_21' title="bbox 197 2466 1270 2550; baseline 0.003 -20"><span class='ocrx_word' id='word_1_124' title='bbox 197 2485 199 2489; x_wconf 72' lang='grc'>’</span> <span class='ocrx_word' id='word_1_125' title='bbox 321 2468 401 2531; x_wconf 90' lang='lat' dir='ltr'>dum</span> <span class='ocrx_word' id='word_1_126' title='bbox 433 2466 664 2549; x_wconf 81' lang='lat' dir='ltr'>septendecim</span> <span class='ocrx_word' id='word_1_127' title='bbox 690 2468 790 2529; x_wconf 92' lang='lat' dir='ltr'>annis</span> <span class='ocrx_word' id='word_1_128' title='bbox 817 2468 1031 2532; x_wconf 84' lang='lat' dir='ltr'>exulaverat.</span> <span class='ocrx_word' id='word_1_129' title='bbox 1083 2468 1270 2550; x_wconf 87' lang='lat' dir='ltr'>Regnave-</span> 
     </span>
     <span class='ocr_line' id='line_1_22' title="bbox 322 2566 1271 2651; baseline 0.002 -20"><span class='ocrx_word' id='word_1_130' title='bbox 322 2575 377 2631; x_wconf 88' lang='lat' dir='ltr'>rat</span> <span class='ocrx_word' id='word_1_131' title='bbox 394 2567 581 2631; x_wconf 88' lang='lat' dir='ltr'>Eadwinus</span> <span class='ocrx_word' id='word_1_132' title='bbox 599 2566 689 2629; x_wconf 89' lang='lat' dir='ltr'>filius</span> <span class='ocrx_word' id='word_1_133' title='bbox 706 2566 794 2630; x_wconf 83' lang='lat' dir='ltr'>Ellae</span> <span class='ocrx_word' id='word_1_134' title='bbox 809 2586 914 2651; x_wconf 90' lang='lat' dir='ltr'>super</span> <span class='ocrx_word' id='word_1_135' title='bbox 930 2568 999 2632; x_wconf 91' lang='lat' dir='ltr'>duo</span> <span class='ocrx_word' id='word_1_136' title='bbox 1021 2587 1129 2650; x_wconf 86' lang='lat' dir='ltr'>regna</span> <span class='ocrx_word' id='word_1_137' title='bbox 1147 2568 1271 2633; x_wconf 90' lang='lat' dir='ltr'>Deiro·</span> 
     </span>
     <span class='ocr_line' id='line_1_23' title="bbox 322 2666 1268 2749; baseline 0.002 -18"><span class='ocrx_word' id='word_1_138' title='bbox 322 2687 397 2731; x_wconf 93' lang='lat' dir='ltr'>rum</span> <span class='ocrx_word' id='word_1_139' title='bbox 422 2675 457 2732; x_wconf 93' lang='lat' dir='ltr'>et</span> <span class='ocrx_word' id='word_1_140' title='bbox 480 2666 729 2743; x_wconf 88' lang='lat' dir='ltr'>Berniciorum,</span> <span class='ocrx_word' id='word_1_141' title='bbox 754 2668 814 2749; x_wconf 90' lang='lat' dir='ltr'>qui</span> <span class='ocrx_word' id='word_1_142' title='bbox 838 2675 960 2749; x_wconf 89' lang='lat' dir='ltr'>postea</span> <span class='ocrx_word' id='word_1_143' title='bbox 977 2667 1195 2732; x_wconf 87' lang='lat' dir='ltr'>Christianus</span> <span class='ocrx_word' id='word_1_144' title='bbox 1216 2668 1268 2733; x_wconf 86' lang='lat' dir='ltr'>es·</span> 
     </span>
     <span class='ocr_line' id='line_1_24' title="bbox 322 2765 1270 2850; baseline 0.001 -19"><span class='ocrx_word' id='word_1_145' title='bbox 322 2768 432 2831; x_wconf 86' lang='lat' dir='ltr'>fectus</span> <span class='ocrx_word' id='word_1_146' title='bbox 457 2785 576 2830; x_wconf 89' lang='lat' dir='ltr'>omues</span> <span class='ocrx_word' id='word_1_147' title='bbox 598 2785 709 2847; x_wconf 84' lang='lat' dir='ltr'>reges,</span> <span class='ocrx_word' id='word_1_148' title='bbox 737 2774 808 2830; x_wconf 91' lang='lat' dir='ltr'>tam</span> <span class='ocrx_word' id='word_1_149' title='bbox 828 2765 1023 2849; x_wconf 85' lang='lat' dir='ltr'>Anglorum</span> <span class='ocrx_word' id='word_1_150' title='bbox 1050 2788 1154 2850; x_wconf 88' lang='lat' dir='ltr'>quam</span> <span class='ocrx_word' id='word_1_151' title='bbox 1168 2767 1270 2833; x_wconf 82' lang='lat' dir='ltr'>Wal-</span> 
     </span>
     <span class='ocr_line' id='line_1_25' title="bbox 321 2866 913 2949; baseline 0 -18"><span class='ocrx_word' id='word_1_152' title='bbox 321 2867 479 2945; x_wconf 90' lang='lat' dir='ltr'>lensium,</span> <span class='ocrx_word' id='word_1_153' title='bbox 494 2867 530 2930; x_wconf 92' lang='lat' dir='ltr'>in</span> <span class='ocrx_word' id='word_1_154' title='bbox 546 2885 610 2930; x_wconf 91' lang='lat' dir='ltr'>sua</span> <span class='ocrx_word' id='word_1_155' title='bbox 626 2866 757 2930; x_wconf 88' lang='lat' dir='ltr'>ditione</span> <span class='ocrx_word' id='word_1_156' title='bbox 773 2867 913 2949; x_wconf 88' lang='lat' dir='ltr'>recepit.</span> 
     </span>
    </p>
   </div>
   <div class='ocr_carea' id='block_1_3' title="bbox 538 3039 1059 3107">
    <p class='ocr_par' dir='ltr' id='par_1_4' title="bbox 538 3039 1059 3107">
     <span class='ocr_line' id='line_1_26' title="bbox 538 3039 1059 3107; baseline 0.006 -3"><span class='ocrx_word' id='word_1_157' title='bbox 538 3039 672 3104; x_wconf 78' lang='lat' dir='ltr'>Uosdroe</span> <span class='ocrx_word' id='word_1_158' title='bbox 688 3039 884 3105; x_wconf 79' lang='lat' dir='ltr'>Hierusalem</span> <span class='ocrx_word' id='word_1_159' title='bbox 898 3040 1059 3107; x_wconf 60' lang='lat' dir='ltr'>destruxit.</span> 
     </span>
    </p>
   </div>
   <div class='ocr_carea' id='block_1_4' title="bbox 159 3159 1272 3950">
    <p class='ocr_par' dir='ltr' id='par_1_5' title="bbox 159 3159 1272 3950">
     <span class='ocr_line' id='line_1_27' title="bbox 160 3159 1269 3273; baseline 0.007 -48"><span class='ocrx_word' id='word_1_160' title='bbox 160 3182 296 3273; x_wconf 38' lang='lat' dir='ltr'>gimo!</span> <span class='ocrx_word' id='word_1_161' title='bbox 374 3162 478 3228; x_wconf 83' lang='lat' dir='ltr'>Anno</span> <span class='ocrx_word' id='word_1_162' title='bbox 494 3165 616 3245; x_wconf 86' lang='lat' dir='ltr'>gratiae</span> <span class='ocrx_word' id='word_1_163' title='bbox 636 3181 789 3228; x_wconf 79' lang='lat' dir='ltr'>noxum.</span> <span class='ocrx_word' id='word_1_164' title='bbox 809 3159 888 3229; x_wconf 86' lang='lat' dir='ltr'>¹rex</span> <span class='ocrx_word' id='word_1_165' title='bbox 908 3165 1093 3231; x_wconf 88' lang='lat' dir='ltr'>Persarum</span> <span class='ocrx_word' id='word_1_166' title='bbox 1112 3166 1269 3233; x_wconf 89' lang='lat' dir='ltr'>Cosdroa</span> 
     </span>
     <span class='ocr_line' id='line_1_28' title="bbox 159 3264 1272 3373; baseline 0.01 -52"><span class='ocrx_word' id='word_1_167' title='bbox 159 3282 310 3373; x_wconf 42' lang='lat' dir='ltr'>&amp;sufflas</span> <span class='ocrx_word' id='word_1_168' title='bbox 322 3264 415 3346; x_wconf 91' lang='lat' dir='ltr'>cepit</span> <span class='ocrx_word' id='word_1_169' title='bbox 439 3264 651 3328; x_wconf 89' lang='lat' dir='ltr'>Damascum</span> <span class='ocrx_word' id='word_1_170' title='bbox 685 3272 720 3327; x_wconf 88' lang='lat' dir='ltr'>et</span> <span class='ocrx_word' id='word_1_171' title='bbox 752 3265 973 3331; x_wconf 86' lang='lat' dir='ltr'>Hierusalem</span> <span class='ocrx_word' id='word_1_172' title='bbox 997 3268 1206 3345; x_wconf 88' lang='lat' dir='ltr'>devastavit,</span> <span class='ocrx_word' id='word_1_173' title='bbox 1235 3276 1272 3332; x_wconf 88' lang='lat' dir='ltr'>et</span> 
     </span>
     <span class='ocr_line' id='line_1_29' title="bbox 322 3363 1270 3451; baseline 0.006 -25"><span class='ocrx_word' id='word_1_174' title='bbox 322 3363 400 3427; x_wconf 92' lang='lat' dir='ltr'>loca</span> <span class='ocrx_word' id='word_1_175' title='bbox 424 3371 545 3427; x_wconf 90' lang='lat' dir='ltr'>sancta</span> <span class='ocrx_word' id='word_1_176' title='bbox 561 3383 639 3446; x_wconf 88' lang='lat' dir='ltr'>quae</span> <span class='ocrx_word' id='word_1_177' title='bbox 657 3364 693 3427; x_wconf 93' lang='lat' dir='ltr'>in</span> <span class='ocrx_word' id='word_1_178' title='bbox 713 3384 755 3427; x_wconf 89' lang='lat' dir='ltr'>ea</span> <span class='ocrx_word' id='word_1_179' title='bbox 777 3372 878 3429; x_wconf 87' lang='lat' dir='ltr'>erant</span> <span class='ocrx_word' id='word_1_180' title='bbox 900 3367 1142 3449; x_wconf 90' lang='lat' dir='ltr'>conflagravit,</span> <span class='ocrx_word' id='word_1_181' title='bbox 1159 3387 1270 3451; x_wconf 90' lang='lat' dir='ltr'>popu·</span> 
     </span>
     <span class='ocr_line' id='line_1_30' title="bbox 322 3462 1271 3549; baseline 0.007 -24"><span class='ocrx_word' id='word_1_182' title='bbox 322 3462 434 3526; x_wconf 89' lang='lat' dir='ltr'>lorum</span> <span class='ocrx_word' id='word_1_183' title='bbox 462 3463 718 3527; x_wconf 89' lang='lat' dir='ltr'>multitudinem</span> <span class='ocrx_word' id='word_1_184' title='bbox 743 3466 918 3548; x_wconf 91' lang='lat' dir='ltr'>copiosam</span> <span class='ocrx_word' id='word_1_185' title='bbox 935 3467 1139 3549; x_wconf 86' lang='lat' dir='ltr'>captivavit,</span> <span class='ocrx_word' id='word_1_186' title='bbox 1161 3486 1271 3532; x_wconf 86' lang='lat' dir='ltr'>nona-</span> 
     </span>
     <span class='ocr_line' id='line_1_31' title="bbox 322 3562 1272 3651; baseline 0.007 -26"><span class='ocrx_word' id='word_1_187' title='bbox 322 3562 421 3645; x_wconf 85' lang='lat' dir='ltr'>ginta</span> <span class='ocrx_word' id='word_1_188' title='bbox 435 3563 544 3626; x_wconf 88' lang='lat' dir='ltr'>milhu</span> <span class='ocrx_word' id='word_1_189' title='bbox 564 3563 748 3640; x_wconf 84' lang='lat' dir='ltr'>interfecit,</span> <span class='ocrx_word' id='word_1_190' title='bbox 758 3565 990 3647; x_wconf 89' lang='lat' dir='ltr'>patriarcham</span> <span class='ocrx_word' id='word_1_191' title='bbox 1006 3568 1160 3651; x_wconf 90' lang='lat' dir='ltr'>ejusdem</span> <span class='ocrx_word' id='word_1_192' title='bbox 1175 3569 1272 3632; x_wconf 90' lang='lat' dir='ltr'>urbis</span> 
     </span>
     <span class='ocr_line' id='line_1_32' title="bbox 324 3661 1271 3748; baseline 0.007 -23"><span class='ocrx_word' id='word_1_193' title='bbox 324 3661 530 3726; x_wconf 88' lang='lat' dir='ltr'>Zachariam</span> <span class='ocrx_word' id='word_1_194' title='bbox 553 3664 700 3746; x_wconf 84' lang='lat' dir='ltr'>expulit,</span> <span class='ocrx_word' id='word_1_195' title='bbox 723 3665 911 3745; x_wconf 89' lang='lat' dir='ltr'>pretiosum</span> <span class='ocrx_word' id='word_1_196' title='bbox 938 3668 1050 3731; x_wconf 89' lang='lat' dir='ltr'>crucis</span> <span class='ocrx_word' id='word_1_197' title='bbox 1080 3668 1213 3748; x_wconf 91' lang='lat' dir='ltr'>lignum</span> <span class='ocrx_word' id='word_1_198' title='bbox 1234 3669 1271 3732; x_wconf 95' lang='lat' dir='ltr'>in</span> 
     </span>
     <span class='ocr_line' id='line_1_33' title="bbox 323 3760 1272 3849; baseline 0.008 -25"><span class='ocrx_word' id='word_1_199' title='bbox 323 3760 511 3826; x_wconf 87' lang='lat' dir='ltr'>Persidem·</span> <span class='ocrx_word' id='word_1_200' title='bbox 536 3782 653 3826; x_wconf 89' lang='lat' dir='ltr'>secum</span> <span class='ocrx_word' id='word_1_201' title='bbox 690 3763 907 3846; x_wconf 80' lang='lat' dir='ltr'>adportavit3</span> <span class='ocrx_word' id='word_1_202' title='bbox 941 3767 1162 3849; x_wconf 89' lang='lat' dir='ltr'>sepulchrum</span> <span class='ocrx_word' id='word_1_203' title='bbox 1189 3788 1272 3832; x_wconf 87' lang='lat' dir='ltr'>vero</span> 
     </span>
     <span class='ocr_line' id='line_1_34' title="bbox 306 3861 1271 3950; baseline 0.007 -26"><span class='ocrx_word' id='word_1_204' title='bbox 306 3861 542 3925; x_wconf 90' lang='lat' dir='ltr'>·Dominicum</span> <span class='ocrx_word' id='word_1_205' title='bbox 574 3863 693 3926; x_wconf 88' lang='lat' dir='ltr'>divina</span> <span class='ocrx_word' id='word_1_206' title='bbox 726 3864 856 3929; x_wconf 89' lang='lat' dir='ltr'>virtute</span> <span class='ocrx_word' id='word_1_207' title='bbox 883 3867 1066 3944; x_wconf 91' lang='lat' dir='ltr'>munitum,</span> <span class='ocrx_word' id='word_1_208' title='bbox 1095 3886 1271 3950; x_wconf 90' lang='lat' dir='ltr'>nunquam</span> 
     </span>
    </p>
   </div>
   <div class='ocr_carea' id='block_1_5' title="bbox 321 3962 1273 4049">
    <p class='ocr_par' dir='ltr' id='par_1_6' title="bbox 321 3962 1273 4049">
     <span class='ocr_line' id='line_1_35' title="bbox 321 3962 1273 4049; baseline 0.007 -24"><span class='ocrx_word' id='word_1_209' title='bbox 321 3963 510 4044; x_wconf 88' lang='lat' dir='ltr'>permissus</span> <span class='ocrx_word' id='word_1_210' title='bbox 532 3971 586 4026; x_wconf 88' lang='lat' dir='ltr'>est</span> <span class='ocrx_word' id='word_1_211' title='bbox 608 3962 750 4027; x_wconf 88' lang='lat' dir='ltr'>violare.</span> <span class='ocrx_word' id='word_1_212' title='bbox 803 3963 873 4028; x_wconf 90' lang='lat' dir='ltr'>Per</span> <span class='ocrx_word' id='word_1_213' title='bbox 894 3965 984 4029; x_wconf 93' lang='lat' dir='ltr'>idem</span> <span class='ocrx_word' id='word_1_214' title='bbox 1009 3975 1144 4049; x_wconf 91' lang='lat' dir='ltr'>tempus</span> <span class='ocrx_word' id='word_1_215' title='bbox 1170 3987 1273 4032; x_wconf 89' lang='lat' dir='ltr'>occu·</span> 
     </span>
    </p>
   </div>
   <div class='ocr_carea' id='block_1_6' title="bbox 321 4142 1274 4284">
    <p class='ocr_par' dir='ltr' id='par_1_7' title="bbox 321 4142 1274 4284">
     <span class='ocr_line' id='line_1_36' title="bbox 357 4142 1274 4218; baseline 0.01 -24"><span class='ocrx_word' id='word_1_216' title='bbox 357 4142 364 4172; x_wconf 94' lang='lat'>¹</span> <span class='ocrx_word' id='word_1_217' title='bbox 374 4147 430 4195; x_wconf 81' lang='lat' dir='ltr'>Rex</span> <span class='ocrx_word' id='word_1_218' title='bbox 437 4148 570 4196; x_wconf 74' lang='lat' dir='ltr'>Persarum</span> <span class='ocrx_word' id='word_1_219' title='bbox 585 4151 712 4213; x_wconf 68' lang='lat' dir='ltr'>cosdroa]</span> <span class='ocrx_word' id='word_1_220' title='bbox 733 4151 782 4199; x_wconf 81' lang='lat' dir='ltr'>For</span> <span class='ocrx_word' id='word_1_221' title='bbox 810 4157 856 4211; x_wconf 86' lang='lat' dir='ltr'>ter,</span> <span class='ocrx_word' id='word_1_222' title='bbox 867 4151 909 4200; x_wconf 86' lang='lat' dir='ltr'>the</span> <span class='ocrx_word' id='word_1_223' title='bbox 921 4152 1010 4201; x_wconf 83' lang='lat' dir='ltr'>reader</span> <span class='ocrx_word' id='word_1_224' title='bbox 1021 4168 1078 4213; x_wconf 83' lang='lat' dir='ltr'>may</span> <span class='ocrx_word' id='word_1_225' title='bbox 1085 4153 1186 4202; x_wconf 87' lang='lat' dir='ltr'>consult</span> <span class='ocrx_word' id='word_1_226' title='bbox 1197 4154 1274 4218; x_wconf 78' lang='lat' dir='ltr'>Pagi,</span> 
     </span>
     <span class='ocr_line' id='line_1_37' title="bbox 321 4215 1176 4284; baseline 0.011 -21"><span class='ocrx_word' id='word_1_227' title='bbox 321 4215 364 4264; x_wconf 88' lang='lat' dir='ltr'>the</span> <span class='ocrx_word' id='word_1_228' title='bbox 375 4219 601 4268; x_wconf 83' lang='lat' dir='ltr'>eventseontained</span> <span class='ocrx_word' id='word_1_229' title='bbox 609 4220 634 4269; x_wconf 92' lang='lat' dir='ltr'>in</span> <span class='ocrx_word' id='word_1_230' title='bbox 643 4219 693 4269; x_wconf 88' lang='lat' dir='ltr'>this</span> <span class='ocrx_word' id='word_1_231' title='bbox 705 4221 783 4284; x_wconf 87' lang='lat' dir='ltr'>ehnp·</span> <span class='ocrx_word' id='word_1_232' title='bbox 812 4221 904 4273; x_wconf 83' lang='lat' dir='ltr'>Baron.</span> <span class='ocrx_word' id='word_1_233' title='bbox 916 4221 1010 4273; x_wconf 72' lang='lat' dir='ltr'>huual</span> <span class='ocrx_word' id='word_1_234' title='bbox 1021 4223 1054 4272; x_wconf 84' lang='lat' dir='ltr'>ud</span> <span class='ocrx_word' id='word_1_235' title='bbox 1065 4237 1107 4272; x_wconf 80' lang='lat' dir='ltr'>an.</span> <span class='ocrx_word' id='word_1_236' title='bbox 1118 4226 1176 4273; x_wconf 72' lang='lat'>⁶1⁸.</span> 
     </span>
    </p>
   </div>
   <div class='ocr_carea' id='block_1_7' title="bbox 0 0 1462 4852">
    <p class='ocr_par' dir='ltr' id='par_1_8' title="bbox 0 0 1462 4852">
     <span class='ocr_line' id='line_1_38' title="bbox 0 0 1462 4852; baseline 0 0"><span class='ocrx_word' id='word_1_237' title='bbox 0 0 1462 4852; x_wconf 95' lang='lat' dir='ltr'> </span> 
     </span>
    </p>
   </div>
  </div>
 </body>
</html>
