2888 4852
559 408 730 459 PREFACR·
1074 414 1123 458 XV

175 585 264 642 men,
284 566 367 629 licet
383 564 553 629 Romanae
572 572 712 629 taceant
729 565 896 644 historiae,
919 564 956 630 in
978 566 1124 632 historia
1136 588 1247 628 noan.

93 724 95 733 ι
175 665 359 729 Britonnm
376 672 491 728 tamen
506 665 702 729 continetur
718 684 932 749 expressum.
987 666 1055 731 Ubi
1073 666 1125 729 di·
1137 638 1244 728 pamm

174 764 263 827 citur
291 763 462 841 Albanus,
490 764 646 827 caritatis
671 766 786 846 gratia
816 765 963 845 fervens,
991 767 1125 830 confes-

176 881 285 927 sorem
312 882 414 926 suum
438 861 686 944 Amphibalum
717 883 739 928 a
766 866 1042 947 persecutoribus
1072 866 1125 928 in·

175 970 345 1026 sectatum
370 963 408 1025 in
435 963 572 1027 domum
598 982 696 1026 suam
723 964 870 1045 primum
897 965 1059 1039 occuluit,
1090 972 1125 1027 et

175 1061 309 1136 deinde,
332 1062 475 1125 mutatis
502 1062 667 1140 vestibus,
693 1081 769 1127 sese
792 1061 978 1126 discrimini
1003 1063 1124 1126 mortis

176 1160 313 1238 obtulit,
336 1161 475 1225 imitans
496 1162 532 1224 in
551 1161 616 1225 hoc
641 1161 830 1238 Christum,
850 1162 999 1225 animam
1025 1180 1124 1225 suam

175 1279 237 1341 pro
253 1261 378 1325 ovibus
394 1269 590 1343 ponentem.

213 1432 287 1497 ‘Da
295 1432 520 1518 praeatum
531 1434 633 1499 macti
646 1433 841 1519 Amphidoli,
859 1444 888 1498 at
900 1434 1089 1500 mursiam

536 1531 616 1597 beati
629 1531 760 1598 Albani.

224 1660 235 1689 ⁴
254 1654 371 1736 Igitur
385 1655 505 1720 diebus
521 1656 679 1739 singulis,
701 1677 780 1722 cum
800 1657 874 1742 jam
892 1658 928 1720 in
944 1675 1123 1738 vesperam
1137 1677 1177 1717 nn
1188 1688 1272 1718 eonver-

178 1755 260 1819 hora
276 1755 477 1833 declinaret,
492 1757 657 1837 magister
674 1764 710 1822 et
724 1756 927 1840 discipulus,
948 1756 1124 1819 hominum
1136 1729 1190 1768 '¹⁰¹¹'

179 1855 407 1936 frequentiam
428 1855 634 1934 devitantes,
662 1857 706 1921 ad
732 1858 870 1920 domum
896 1855 1124 1932 remotiorem,

180 1974 256 2037 qnae
276 1955 455 2035 tugurium
472 1954 577 2037 vulgo
602 1957 691 2020 solet
717 1955 898 2039 appellari,
915 1974 953 2018 se
978 1954 1124 2037 proripi·

178 2063 250 2131 unt,
268 2062 403 2118 noctem
419 2060 529 2117 totam
549 2054 674 2118 ibidem
697 2057 734 2120 in
751 2057 817 2120 Dei
834 2054 993 2119 laudibus
1010 2062 1124 2118 trans-

177 2156 323 2236 igentes.
383 2153 430 2216 Et
455 2153 530 2217 haec
554 2154 727 2219 faciebant
754 2174 797 2219 ne
811 2239 814 2242 Α
827 2163 996 2219 secretum
1022 2173 1123 2216 suum

177 2253 293 2336 palam
318 2252 416 2316 fieret
437 2253 643 2330 infidelibus,
665 2254 725 2337 qui
747 2255 897 2319 cultores
916 2252 1123 2318 Christianae

178 2353 355 2434 religionis
371 2371 440 2416 nun
456 2354 492 2416 in
510 2352 577 2416 fide
591 2355 701 2436 sequi,
716 2354 776 2418 sed
792 2372 854 2436 pro
872 2353 939 2416 fide
951 2353 1123 2434 persequi,

177 2452 438 2516 contendebant.
491 2451 632 2531 Verum,
649 2452 829 2536 aliquanto
845 2460 1000 2534 tempore
1016 2453 1124 2515 iuter-

173 2552 279 2636 jecto,
309 2552 449 2633 gentilis
471 2551 611 2634 quidam
638 2551 682 2616 ad
702 2552 854 2637 judicem
879 2551 1046 2615 audacter
1069 2552 1122 2614 in·

178 2670 318 2733 gressus
338 2650 430 2734 qnod
454 2651 583 2715 sactum
606 2652 720 2717 suerat
740 2651 918 2728 indicavit,
941 2650 1026 2714 nihil
1049 2669 1123 2714 om·

177 2751 257 2815 nino
280 2749 420 2833 reliquit
442 2750 623 2828 intactum,
649 2771 717 2833 quo
745 2751 880 2816 facilius
907 2751 962 2814 vel
987 2751 1124 2813 obesset

176 2851 414 2915 innocentibus
436 2851 492 2915 vel
508 2850 660 2934 judicem
681 2851 873 2933 impelleret
894 2848 938 2913 ad
962 2848 1122 2912 furorem.

177 2948 313 3028 Quibus
342 2951 502 3031 cognitis,
534 2949 644 3033 judex
677 2970 759 3015 mox
791 2949 978 3014 iracundiae
1008 2948 1124 3011 furore

177 3068 362 3113 succensus
378 3047 552 3113 Albanum
573 3057 609 3114 et
627 3049 831 3132 magistrum
851 3048 946 3112 illius
961 3046 1005 3111 ad
1024 3065 1123 3109 suam
1235 3075 1239 3082 ¹

177 3149 395 3231 praesentiam
414 3149 523 3233 jussit
546 3150 696 3226 evocari,
719 3157 758 3213 ut
776 3169 855 3214 cum
878 3166 931 3224 ea,
954 3164 1024 3229 qua
1046 3146 1122 3227 dig·

176 3268 256 3312 num
280 3257 368 3325 erat,
391 3249 583 3312 reverentia
604 3249 669 3313 diis
692 3251 764 3312 suis
787 3247 946 3312 victimas
968 3247 1123 3309 immola·

175 3359 272 3428 rent;
314 3348 470 3413 nolentes
500 3356 615 3413 autem
645 3350 679 3412 vi
711 3355 746 3412 et
775 3348 941 3413 violentia
970 3365 1123 3428 compre-

176 3447 291 3525 hendi,
304 3446 444 3511 vinculo
466 3449 607 3525 arctari,
632 3457 667 3512 et
689 3449 758 3511 aris
781 3448 934 3523 deorum,
957 3445 1033 3509 loco
1056 3446 1124 3508 vic-

175 3548 281 3625 timae,
293 3547 507 3631 jugulandos
522 3548 663 3630 imponi.
709 3547 777 3611 Sed
792 3545 988 3630 hujusmodi
1007 3545 1124 3607 decre-

177 3656 250 3711 tum
274 3647 449 3711 Albanum
471 3667 540 3711 non
563 3647 677 3725 latuit,
699 3648 770 3730 qui,
793 3647 957 3730 principis
982 3644 1126 3707 insidias

177 3747 287 3810 modis
303 3746 462 3810 omnibus
482 3748 623 3828 cupiens
644 3748 847 3830 praevenire,
867 3746 1026 3809 hortatur
1040 3742 1125 3807 Am-

177 3845 352 3927 phibalum
383 3855 422 3910 ut
452 3847 536 3910 urbe
560 3848 710 3924 secedat,
739 3847 826 3910 dans
854 3847 885 3910 ei
910 3842 1125 3925 chlamydem

178 3963 261 4009 auro
290 3954 435 4023 textam,
468 3948 527 4029 qui
559 3948 666 4012 tutior
701 3947 744 4009 ah
775 3945 933 4009 hostibus
966 3941 1125 4008 reddere-

179 4051 254 4124 tur;
278 4047 385 4110 vestis
408 4046 499 4109 enim
523 4046 691 4129 ejusmodi
706 4052 826 4121 tantae,
850 4053 932 4109 tunc
948 4042 1126 4124 temporis,

178 4144 269 4227 apud
292 4164 410 4209 omnes
430 4146 611 4227 diguitatis
633 4152 809 4229 tantaeque
827 4143 893 4208 fuit
912 4140 1126 4215 reverentiae,
