2888 4852
433 424 575 474 uranus
599 423 870 475 ursroamuuu.
1064 399 1128 473 1s7

174 581 221 647 ad
248 581 368 661 vitam,
398 583 543 649 donavit
570 584 662 649 enim
690 584 753 649 tibi
785 585 883 649 Deus
916 583 1037 660 vitam,
1067 602 1130 665 per

174 682 457 748 intercessionem
485 691 520 748 et
552 684 749 768 lachrymas
778 684 1025 767 discipulorum
1052 690 1129 746 tuo·

175 800 252 846 rum
283 790 320 848 et
349 802 411 866 per
435 785 628 849 orationem
658 803 732 848 suae
760 780 950 867 genitricis,
978 783 1040 846 sed
1067 801 1130 865 pa·

176 890 273 947 ratus
296 888 384 960 esto,
399 884 483 966 quia
498 892 579 967 post
602 884 866 967 quadriennium
884 891 1061 946 revertens
1078 882 1130 947 vi-

176 982 291 1047 sitabo
315 989 379 1063 te;
409 983 455 1049 ad
485 985 635 1067 patriam
662 992 779 1048 autem
808 983 1024 1067 perveniens,
1049 1000 1130 1065 pos-

177 1083 370 1146 sessionum
394 1083 588 1147 ablatarum
617 1083 810 1167 portionem
842 1082 998 1165 recipies,
1027 1090 1133 1164 atque

177 1200 264 1265 pace
296 1181 485 1264 tranquilla
515 1184 625 1248 vitam
665 1183 889 1247 terminabis!
945 1181 1132 1246 Convaluit

177 1280 286 1362 igitur
306 1282 503 1365 episeopus,
528 1281 762 1364 gaudentibus
780 1283 926 1359 cunctisr,
946 1289 1132 1364 coeptoque

178 1380 302 1445 itinere
321 1381 541 1446 Britanniam
566 1384 737 1466 pervenit.
790 1383 907 1446 Lectis
926 1389 1043 1446 autem
1057 1381 1131 1463 epi·

178 1479 290 1558 stolis,
305 1499 393 1564 quas
408 1482 455 1546 ab
470 1482 663 1565 apostolico
684 1502 776 1565 papa
793 1482 996 1557 advexerat,
1014 1480 1132 1544 Brith·

179 1579 326 1656 woidus,
350 1580 612 1646 Gantnarieusis
635 1581 927 1665 archiepiscopus,
952 1587 988 1644 et
1012 1578 1132 1643 Ethel-

180 1679 283 1744 redus
310 1680 484 1763 quondam
514 1701 592 1760 rex,
618 1688 701 1745 tunc
732 1688 848 1746 autem
881 1681 1000 1757 abbas,
1024 1680 1132 1743 libeu-

182 1778 316 1844 tissime
330 1778 505 1858 faverunt,
521 1781 583 1845 sed
594 1778 776 1846 Alhfridus
790 1801 854 1845 rex
870 1778 1133 1844 Northanhum-

182 1878 321 1943 brorum
336 1897 415 1944 oum
430 1881 607 1963 suscipere
621 1882 841 1964 contempsit.
875 1878 1036 1944 Albfrido
1050 1897 1133 1942 voro

184 1998 253 2043 non
275 1979 382 2061 longo
402 1987 483 2063 post
505 1988 661 2064 tempore
682 1979 857 2057 defuncto,
874 1972 1059 2054 ¹0sredus,
1074 1977 1135 2059 qui

182 2085 263 2160 post
276 2097 356 2144 eum
370 2080 542 2161 regnavit,
559 2079 693 2163 syuodo
705 2080 813 2164 juxta
828 2079 956 2143 flumen
973 2077 1045 2142 Nid
1063 2077 1134 2141 col·

181 2176 285 2256 lecta,
299 2185 381 2260 post
395 2179 650 2262 aliquantulum
665 2180 845 2262 utriusque
862 2178 972 2262 partis
995 2177 1135 2241 conflic-

183 2284 270 2356 tum,
291 2277 426 2342 cuneda
448 2279 588 2343 tandem
614 2279 824 2356 faventibus,
850 2280 886 2343 in
909 2277 1135 2361 praesulatum

182 2395 255 2441 suae
271 2376 428 2442 ecclesiae
444 2387 498 2444 est
512 2387 695 2462 receptus;
721 2379 840 2462 sicque
855 2378 955 2442 annis
972 2382 1133 2459 quatuor,

183 2476 275 2541 sicut
302 2476 336 2541 ei
369 2478 414 2542 ab
444 2479 569 2560 angelo
595 2476 799 2562 praedictum
824 2477 950 2553 suerat,
979 2477 1016 2539 in
1049 2495 1134 2559 pace
1147 2491 1270 2533 nuruu-

184 2576 293 2642 vitam
321 2575 463 2653 ducens,
494 2578 628 2660 quievit
656 2578 691 2640 iu
725 2578 888 2642 Domino.
940 2576 1135 2640 Defunctus

184 2684 369 2741 astantem
383 2684 508 2761 quarto
520 2677 598 2740 idus
610 2676 772 2742 Octobris
786 2678 823 2740 iu
837 2675 1046 2742 monasterio
1060 2695 1135 2754 suo,

184 2776 277 2857 quod
298 2776 448 2841 babebat
468 2777 534 2841 sub
547 2776 714 2858 regimine
731 2776 918 2841 Cutbbaldi
941 2776 1077 2840 abbatis
1099 2777 1136 2839 in

187 2867 368 2939 'Indalum
386 2876 586 2959 provincia3
609 2875 671 2940 sed
687 2874 877 2942 ministerio
892 2876 1039 2940 fratrum
1055 2895 1136 2959 pro·

185 2973 279 3039 latus
293 2976 330 3039 iu
343 2976 491 3058 primum
500 2998 503 3005 ·
513 2995 615 3039 suum
633 2977 880 3040 monasterium
896 2975 933 3039 in
950 2974 1082 3058 Ripun,
1099 2976 1136 3039 in

185 3073 333 3138 ecclesia
353 3075 447 3140 beati
463 3075 561 3142 Petri
573 3076 682 3160 juxta
703 3074 814 3140 altare
835 3075 880 3140 ad
904 3083 1059 3140 austrum
1081 3095 1135 3139 se·

186 3173 305 3256 pultns
320 3181 386 3240 est.
805 3196 808 3201 ·

237 3270 342 3339 Anno
364 3272 487 3356 gratiae
510 3274 763 3354 coronulae,
789 3295 853 3340 rex
872 3274 1135 3340 occidentalium
1148 3294 1258 3336 suus.

187 3371 379 3452 Saxonum,
399 3382 592 3439 castrorum
614 3375 754 3440 aciebus
778 3375 978 3441 terribiliter
998 3375 1137 3439 ordina·
1194 3456 1197 3461 Ι

189 3473 247 3549 tis,
279 3473 551 3538 combustionem
587 3473 665 3539 Mul
700 3475 841 3557 cognati
874 3474 928 3537 sui
960 3473 1136 3538 vindicare

189 3571 388 3655 disposuit;
428 3592 490 3636 rex
523 3592 607 3638 vero
640 3573 903 3638 cantuariensis
934 3572 1137 3638 Withredus

188 3670 362 3735 humiliter
396 3671 532 3736 obviarn
569 3673 724 3750 veniens,
761 3666 944 3756 ³magnam
982 3673 1137 3756 pecuniae

188 3787 358 3836 summam
374 3790 438 3854 pro
453 3790 537 3836 nece
545 3771 688 3856 juvenis
704 3773 810 3850 dedit,
825 3772 923 3837 etsie

360 3888 412 3946 Lis
426 3889 505 3947 finita
517 3888 581 3958 fuit,
594 3910 648 3968 pax
662 3890 827 3947 confirmata
840 3890 950 3948 revixit.

225 4047 378 4143 Quodn]
413 4049 517 4113 muer,
538 4051 547 4080 ‘
559 4051 653 4102 Osredi
712 4049 852 4134 ‘Magnam
871 4053 979 4116 pecunia
1001 4046 1139 4122 eumarum]

191 4126 384 4325 :3⁰ss&
411 4189 579 4256 ‘Undolum,'
601 4191 654 4242 ΕΔ-
677 4121 1142 4258 ffifflffiuffiwffiffiffi

255 4293 264 4323 r
