2888 4852
443 402 582 452 ruoars
606 403 874 453 ursroruunuu.
1070 389 1135 452 119

179 577 248 640 qua
274 557 464 624 Christiani
494 560 700 627 babitabant
728 561 929 643 designetur
960 561 1131 644 amplissi-

180 678 268 735 mus,
295 659 340 723 ad
361 660 570 725 domicilium
595 662 698 743 quale
722 662 894 726 voluerint
920 663 1131 726 constituen-

179 759 272 823 dum.
326 760 541 841 Designatur
555 762 673 844 itaque
687 763 738 826 eis
751 763 847 826 locus
860 761 1032 826 sufficiens
1050 771 1131 827 ante

174 859 305 942 januas
316 860 471 925 ecclesiae
482 861 1131 946 Dominicaeresurrectionis,quautum

173 959 293 1042 jactus
309 967 361 1024 est
375 960 513 1044 lapidis,
529 962 587 1026 ubi
603 963 845 1027 monasterium
861 971 1131 1028 construxerunt

179 1060 214 1123 in
230 1059 394 1124 honorem
408 1062 520 1126 beatae
536 1060 603 1126 Dei
619 1063 797 1144 genitricis
812 1062 1035 1140 Mariae,cum
1051 1063 1129 1127 aliis

177 1157 323 1224 officinis
338 1181 417 1244 quae
443 1162 487 1225 ad
512 1182 596 1227 usus
618 1161 813 1227 sufficerent
828 1163 1071 1226 monachorum
1094 1169 1130 1227 et

177 1278 251 1323 suae
268 1262 383 1342 gentis
406 1261 580 1346 hospitum
603 1262 868 1345 susceptionem.
922 1260 1002 1341 Quo
1024 1263 1129 1339 facto,

178 1358 219 1423 de
246 1362 404 1442 partibus
431 1363 504 1425 suis
528 1363 716 1427 monachos
738 1370 773 1427 et
795 1363 956 1426 abbatem
981 1362 1128 1426 transfe-

178 1468 306 1538 rentes,
333 1462 446 1526 locum
469 1463 674 1544 regulariter
703 1463 890 1526 instituunt
917 1471 952 1526 et
978 1463 1128 1525 Domino

177 1559 275 1624 illum
292 1570 415 1627 sancta
438 1564 700 1627 couversatione
729 1562 932 1646 placabilem
959 1562 1128 1642 reddunt;

178 1668 214 1724 et
230 1663 394 1742 quoniam
409 1664 476 1728 viri
492 1662 609 1727 Latini
624 1671 736 1741 erant,
751 1664 811 1746 qui
829 1663 942 1726 locum
961 1662 1128 1727 fundave-

180 1768 270 1838 rant,
295 1781 405 1845 usque
433 1764 468 1826 in
495 1762 696 1829 hodiernum
722 1764 811 1828 diem
841 1764 967 1827 dicitur
985 1763 1128 1827 Monos-

180 1862 303 1925 terium
320 1862 364 1926 de
381 1862 518 1927 Latina.
569 1862 793 1928 Accedebant
815 1871 984 1946 praetcrea
1007 1863 1051 1926 ad
1075 1863 1127 1926 lo-

177 1979 255 2025 cum
281 1962 427 2025 eundem
454 1963 568 2027 viduae
590 1972 722 2029 sanotae
745 1972 780 2028 et
802 1965 1029 2040 continentes,
1051 1965 1127 2046 qui·

178 2061 241 2125 bus
258 2063 521 2128 advenientibus
539 2064 735 2128 ordinatum
748 2071 801 2128 est
818 2083 840 2127 a
855 2064 938 2128 viris
953 2063 1127 2146 praedictis

178 2179 334 2226 seorsum
363 2164 551 2227 oratorium
579 2165 615 2227 iu
642 2164 805 2228 honorem
833 2165 899 2245 piae
924 2164 1127 2246 peccatricis

180 2260 303 2325 Mariae
321 2263 554 2345 Magdalenae,
577 2272 612 2328 et
634 2265 700 2327 sub
717 2272 810 2328 certo
828 2283 969 2327 numero
992 2283 1127 2327 sorores

179 2363 380 2427 constitutae
418 2364 462 2428 ad
492 2365 696 2447 obsequium
725 2364 988 2429 adventantium
1025 2364 1127 2426 muli-

178 2481 283 2525 erum.
337 2461 565 2528 Procuratum
586 2472 640 2528 est
654 2463 758 2528 etiam
773 2484 795 2528 a
814 2464 945 2526 sanctis
963 2463 1058 2540 viris,
1077 2470 1127 2540 ut,

178 2560 429 2627 confluentibus
444 2564 514 2629 illic
528 2565 718 2648 peregrinis
734 2564 916 2647 egentibus
928 2570 963 2626 et
978 2562 1128 2638 afflictis,

179 2660 267 2725 insra
293 2662 459 2728 ambitum
482 2665 548 2729 sibi
569 2664 786 2745 adsignatum
810 2664 907 2727 fieret
933 2663 1128 2740 aedilicium,

180 2762 238 2825 ubi
262 2770 334 2826 tam
362 2782 465 2828 sanos
488 2783 592 2846 quam
618 2771 768 2846 aegrotos
791 2764 1006 2845 colligerent,
1033 2771 1068 2826 et
1092 2763 1126 2824 in

181 2862 299 2926 eodem
323 2863 399 2928 loco
419 2864 639 2946 congregatis
656 2863 924 2945 fragmentorum
948 2863 1128 2945 utriusque

181 2963 381 3029 monasterii
407 2964 572 3045 reliquiis,
592 2964 753 3028 videlicet
768 2965 919 3027 virorum
945 2983 986 3026 ac
1008 2962 1129 3025 mulie·

181 3082 268 3141 rum,
287 3063 332 3126 ad
359 3064 593 3145 quotidianam
613 3064 899 3128 sustentationem
925 3062 1056 3144 aliquid
1072 3062 1128 3126 vel

181 3164 351 3228 modicum
365 3164 559 3245 largiretur.
612 3164 808 3228 Erexerunt
823 3164 927 3227 etiam
951 3164 987 3225 in
1008 3162 1128 3226 eodem

178 3261 254 3327 loco
271 3264 381 3328 altare
396 3265 433 3328 in
448 3263 611 3328 bonorem
626 3265 718 3328 beati
729 3257 762 3328 ¹J
766 3263 913 3328 ohannis
929 3262 1129 3345 Eleemosy-

181 3363 281 3440 narii,
304 3365 397 3447 quod
430 3366 677 3448 interpretatur
709 3363 948 3439 ‘misericors'
980 3362 1040 3445 qui
1063 3363 1129 3438 vir,

182 3463 258 3527 Deo
274 3463 428 3546 placens,
452 3465 592 3528 natione
610 3464 797 3547 Cyprensis
820 3463 896 3539 suit,
920 3461 1129 3544 tandemque

180 3563 451 3645 suffragantibus
479 3564 611 3628 meritis
639 3563 896 3629 Alexandrinus
933 3562 1130 3644 patriarcha

182 3663 294 3729 sactus
326 3672 391 3740 est,
415 3665 469 3728 vir
493 3665 528 3727 in
555 3665 715 3747 operibus
744 3664 884 3746 pietatis
908 3662 1131 3744 singulariter

182 3763 357 3827 excellens
371 3784 380 3844 ;
404 3765 544 3846 pietatis
561 3765 636 3849 ejus
651 3763 766 3828 studia
786 3770 821 3827 ot
836 3762 1073 3844 eleemosynas
1089 3762 1130 3825 li·

182 3863 316 3928 berales
357 3867 540 3928 enarrabat
581 3865 691 3929 omnis
731 3864 876 3928 ecclesia
919 3870 1130 3926 sanctorum.

184 3963 277 4028 Huic
289 3971 404 4028 autern
422 3965 635 4029 locosancto
657 3985 769 4048 neque
787 3964 940 4027 redditus
958 3970 1057 4026 erant
1069 3981 1131 4024 nec

185 4127 337 4136 -a-n
675 4128 686 4134 -
712 4128 738 4134 -
753 4127 815 4133 --—.-
829 4127 856 4133 -..
866 4126 1111 4133 --—----.-.-..—-—

277 4205 284 4234 ¹
297 4207 420 4257 solam
430 4202 644 4275 Eleemoryrrorii.]
664 4208 711 4256 Soc
724 4209 813 4269 above,
825 4208 850 4255 in
863 4208 904 4255 tho
916 4220 978 4266 your
989 4209 1046 4253 oll.

1144 581 1210 621 order
1218 583 1242 622 os
1248 584 1269 623 s.

1144 631 1199 671 John
1209 634 1232 672 ol
1238 634 1274 674 Je-

1143 683 1243 723 ruralem.
