2888 4852
318 403 383 466 454
572 417 705 466 aocnni
733 418 781 464 ns
806 415 1010 468 wuunovult

410 648 459 710 D'e
473 645 601 711 aenda
615 656 643 711 ot
657 646 745 711 anio
752 645 865 732 prelio
880 644 1066 711 Eodmtaffi
1079 653 1191 710 mm

711 748 885 811 Caularem.

161 894 292 934 amsans
375 872 463 937 Post
491 871 581 936 hanc
606 871 789 937 victoriam
811 891 874 935 rex
897 869 1135 947 Eadmundus,
1160 868 1285 932 media

161 946 302 1036 diffidi?
324 978 447 1037 aestate
464 978 654 1049 transacta,
673 966 725 1034 'in
739 973 919 1054 provincia
927 969 1164 1053 wigorniensi
1179 968 1284 1034 Cnn·

324 1072 399 1136 toni
429 1070 581 1136 secundo
607 1072 753 1136 obvians
783 1072 875 1136 acies
907 1070 1092 1147 ordinavit,
1124 1069 1283 1152 optimos
1311 1103 1313 1107 <

324 1189 481 1254 quosque
506 1171 693 1253 prudenter
712 1171 889 1248 instruxit,
912 1189 1032 1236 omnes
1053 1169 1217 1234 hortatur
1239 1175 1283 1232 ut

325 1271 541 1336 meminerint
572 1291 610 1335 se
635 1291 698 1354 pro
723 1272 838 1354 patria
859 1278 895 1334 et
920 1270 1036 1336 liberis
1063 1289 1127 1352 pro
1155 1268 1282 1351 conju·

325 1371 427 1452 gibus
452 1379 488 1434 et
510 1370 770 1434 haereditatibus
791 1371 979 1447 decertare,
999 1376 1046 1447 et,
1069 1370 1120 1432 sic
1143 1367 1283 1432 bellicis

327 1469 627 1535 exhortationibus
649 1471 774 1534 animis
799 1471 952 1535 omnium
977 1469 1021 1534 ad
1044 1488 1197 1552 pugnam
1222 1488 1285 1532 ac·

326 1571 450 1647 censis,
477 1571 646 1634 tubicines
680 1578 834 1653 strepere
861 1577 898 1633 et
924 1570 1092 1652 paulatim
1117 1567 1282 1633 cohortes

326 1670 511 1751 procedere
534 1670 691 1735 docebat.
740 1670 996 1735 comitantibus
1021 1669 1160 1733 tandem
1185 1669 1281 1733 acie-

327 1770 392 1834 bus
414 1789 492 1834 cum
517 1770 667 1835 clamore
688 1771 841 1834 maximo
865 1770 996 1834 lanceis
1019 1770 1115 1851 prius
1138 1776 1282 1852 etpost

328 1869 453 1951 gladiis
475 1889 548 1933 rem
565 1877 736 1951 egerunt3
764 1889 827 1935 rex
850 1877 967 1934 autem
985 1867 1223 1945 Eadmundus‚
1244 1869 1282 1932 in

329 1969 440 2050 prima
460 1970 534 2034 acie
556 1970 721 2047 militans,
739 1989 886 2053 quaeque
910 1969 976 2033 sibi
997 1970 1101 2034 obvia
1125 1977 1284 2052 protere-

328 2069 402 2146 bat,
425 2068 543 2133 hostes
563 2069 702 2134 assidue
726 2070 977 2152 prosternebat,
1003 2076 1039 2133 et
1058 2069 1190 2133 suenni
1214 2069 1282 2132 mi-

329 2168 401 2232 litis
428 2169 578 2251 bonique
608 2171 701 2252 regis
729 2168 879 2234 officium
906 2168 1051 2233 viriliter
1082 2170 1284 2247 exercebat,

330 2268 391 2330 sed
416 2269 500 2350 quia
522 2269 594 2332 dux
619 2270 760 2352 iniquus
780 2269 961 2345 Eadricus,
977 2267 1140 2332 Almarus
1165 2276 1201 2332 et
1216 2267 1285 2333 Al-

330 2385 436 2449 garus
461 2369 616 2446 comites,
641 2370 702 2451 qui
731 2369 763 2433 ei
785 2369 859 2433 fore
888 2368 1050 2451 praesidio
1076 2368 1283 2446 debuerant,

330 2486 407 2530 cum
438 2468 556 2531 multis
590 2468 667 2532 aliis
701 2469 737 2532 in
759 2476 860 2551 perte
881 2469 1062 2533 Danorum
1091 2468 1285 2551 proditiose

329 2568 608 2649 propugnabant,
633 2588 714 2651 pars
738 2569 933 2632 Eadmundi
957 2569 1060 2631 nimis
1086 2569 1200 2632 fuerat
1227 2570 1285 2632 in·

330 2666 491 2732 firmata:
524 2675 677 2732 attamen
699 2662 829 2751 ²prima
852 2669 907 2734 die
932 2668 1141 2745 certaminis,
1165 2668 1201 2731 id
1226 2677 1285 2733 est

329 2768 477 2849 septimo
511 2766 678 2832 kalendas
708 2768 731 2832 J
737 2768 809 2847 ulii,
841 2776 913 2833 tam
945 2788 1105 2851 asperum
1139 2778 1283 2851 tamque

330 2875 509 2930 cruentum
534 2870 671 2933 exstitit
700 2869 840 2945 beilum,
869 2877 908 2933 ut
936 2876 1081 2951 uterque
1106 2869 1285 2933 exercitus

331 2987 402 3048 prae
419 2967 624 3032 lassitudine
641 2969 772 3032 diutins
788 2988 944 3051 pugnare
962 2988 1032 3032 non
1049 2968 1193 3046 valeret,
1207 2969 1285 3045 sed,

331 3067 404 3130 sole
422 3067 497 3150 jam
523 3068 712 3145 occidente,
727 3068 909 3133 voluntate
925 3076 1118 3151 spontanea
1141 3088 1218 3132 sese
1235 3071 1284 3132 ab

331 3166 478 3230 invicem
500 3167 728 3249 direpserunt.
775 3167 843 3231 Sed
869 3168 924 3232 die
945 3178 1085 3251 postera
1106 3189 1169 3232 rex
1189 3168 1287 3232 Ead-

332 3267 479 3330 mundus
497 3267 617 3331 Dauos
640 3287 758 3332 omnes
778 3269 1009 3351 protrivisset,
1034 3269 1063 3331 si
1084 3269 1194 3352 iniqui
1217 3268 1285 3332 du-

332 3366 381 3428 cis
408 3366 544 3431 Eadrici
574 3368 724 3450 proditio
752 3387 821 3431 non
847 3368 981 3445 fuisset,
1008 3368 1175 3450 siquidem
1201 3387 1285 3432 cum

331 3465 492 3548 utrinque
511 3467 730 3531 vehomenter
749 3475 975 3549 pugnaretur,
998 3476 1034 3532 et
1053 3467 1188 3550 Anglos
1211 3469 1286 3532 sor·

332 3564 437 3627 tiores
458 3584 534 3628 esse
554 3567 781 3649 conspiceret,
797 3568 976 3651 cujusdam
991 3567 1056 3632 viri
1074 3569 1187 3651 capite
1207 3588 1285 3633 am-

332 3671 456 3745 putato
486 3673 520 3728 et
548 3665 584 3727 in
610 3666 718 3728 altum
750 3667 879 3744 levato,
911 3669 1122 3732 exclamavit
1150 3668 1284 3746 dicens,

368 3878 376 3911 ¹
390 3883 419 3930 In
441 3882 565 3945 prouincia
592 3883 761 3945 Wigornieasr'
772 3879 795 3953 ,·]
821 3901 865 3946 ary
878 3892 962 3936 stanes
973 3887 1002 3936 oi
1009 3887 1052 3936 the
1066 3890 1180 3937 counties
1190 3888 1220 3937 oi
1228 3890 1286 3939 Ox-

333 3953 419 4014 ‘apud
448 3949 595 4013 Scoorstan,'
625 3955 702 4014 Flos,
735 3956 795 4004 Sar.
820 3957 885 4017 sord,
896 3957 1056 4019 Grouceaten
1066 3957 1218 4021 worcester,
1231 3962 1284 4010 and

333 4022 441 4083 Chron.;
455 4024 650 4083 ‘Seorstannm,'
659 4024 794 4074 Malmsb.:
822 4027 852 4073 W
854 4027 960 4076 arwick.

333 4093 460 4154 supposed
473 4094 505 4154 by
518 4094 631 4143 Camden
642 4099 668 4142 to
680 4095 710 4142 be
722 4095 796 4143 Sirer-
855 4095 958 4145 ²Primo
964 4098 1004 4145 die
1010 4096 1170 4158 certaminis]
1185 4099 1284 4150 ‘Lunae

333 4169 397 4223 stou,
407 4164 522 4224 inWilts,
531 4165 547 4212 i.
557 4180 582 4225 p.
593 4168 639 4212 195
650 4180 657 4221 ;
668 4165 702 4225 by
711 4165 794 4214 others
819 4166 1187 4228 scilicetdie,'Flor.,whoalso
1193 4171 1284 4220 makes

333 4238 357 4280 to
370 4234 400 4281 be
412 4233 590 4295 shira-stenes,
601 4234 682 4284 oribe
697 4235 793 4284 bound·
820 4237 861 4285 the
869 4237 981 4286 battleto
990 4238 1053 4287 bava
1061 4238 1144 4288 lasted
1151 4244 1202 4288 two
1208 4240 1284 4303 days.
