2888 4852
320 395 386 459 470
579 408 713 457 nonnul
737 411 785 457 nn
808 408 1015 458 wnunovna

158 585 245 674 ffil²¹⁸
324 564 484 648 apostolo
511 564 671 642 contulit,
688 565 725 629 in
748 584 833 629 auro
856 570 892 629 et
909 569 1068 646 argento,
1090 564 1127 627 in
1149 561 1287 646 pannis

194 645 235 675 Μ’
319 664 443 735 sericis
469 683 510 728 ac
536 664 709 748 lapidibus
741 665 924 749 pretiosis;
957 683 980 729 a
1011 682 1105 748 papa
1133 682 1283 746 quoque

323 764 497 842 Johanne,
527 772 567 829 ut
599 764 719 828 schola
746 758 941 846 Anglorum
967 783 990 826 a
1020 763 1151 827 tributo
1180 770 1282 826 esset

323 864 443 941 libera,
468 864 679 946 impetravit,
711 863 840 928 multas
865 863 903 927 in
932 864 1056 927 itinere
1082 863 1282 939 clausuras,

324 963 384 1027 ubi
410 963 541 1027 telonia
563 965 860 1045 extorquebantur
883 983 906 1026 a
929 963 1132 1046 peregrinis,
1159 961 1279 1045 pretio

325 1062 408 1126 dato
430 1062 580 1141 delevit3
604 1069 685 1127 aute
708 1064 818 1127 altare
836 1062 973 1146 quidem
996 1063 1089 1127 beati
1105 1060 1214 1139 Petri,
1239 1061 1281 1125 in

325 1180 395 1245 quo
422 1181 549 1246 corpus
574 1161 650 1245 ejus
675 1162 871 1246 requiescit,
892 1162 970 1227 Deo
989 1163 1072 1226 vita
1099 1180 1173 1225 suae
1201 1180 1283 1225 mo·

327 1280 473 1343 rumque
490 1261 764 1326 emendationem
781 1262 933 1327 devovit.
977 1254 1143 1343 ¹Scripsit
1157 1267 1281 1325 autem

326 1359 527 1443 Agelnotho
559 1360 802 1426 Cantuariensi
832 1369 868 1426 et
894 1360 1028 1426 Alfrico
1064 1360 1282 1425 Eboracensi

326 1460 606 1544 archiepiscopis,
622 1462 713 1525 inter
735 1467 873 1538 caetera,
890 1469 995 1543 atque
1019 1460 1177 1525 omnihus
1203 1451 1283 1541 epi-

326 1561 441 1642 scopis
464 1579 506 1624 ac
530 1561 753 1642 optimatibus
773 1558 925 1642 Angliae,
951 1559 1043 1643 quod
1068 1559 1133 1623 fuit
1150 1558 1281 1623 Romae

327 1652 380 1727 in²
403 1679 530 1742 magna
551 1659 759 1725 solennitate
775 1659 943 1742 paschali,
963 1678 1080 1724 coram
1102 1678 1195 1741 papa
1211 1657 1281 1722 Jo-

327 1757 442 1823 hanne
472 1767 508 1824 et
533 1758 694 1824 Conrado
722 1761 940 1842 imperatore,
965 1759 1193 1841 praesentibus
1222 1778 1281 1822 re-

328 1859 431 1941 gibus
459 1859 594 1923 cunctis
618 1867 654 1923 et
675 1859 888 1942 principibus
916 1858 1069 1940 gentium
1094 1850 1137 1920 ³a
1159 1865 1281 1922 monte

329 1955 495 2040 Gargano
523 1978 634 2040 usque
664 1959 708 2021 ad
736 1958 828 2022 istud
859 1959 1055 2040 proximum
1082 1976 1189 2034 mare,
1215 1958 1280 2039 qui

327 2058 425 2122 illum
453 2077 571 2122 omnes
604 2057 791 2121 honorilice
821 2065 1049 2139 susceperunt
1074 2065 1110 2121 et
1139 2057 1281 2137 magnis

328 2157 586 2222 honoraverunt
601 2158 783 2222 donativis.
837 2157 1033 2239 Imperator
1049 2157 1154 2220 etiam
1167 2155 1283 2220 multa

329 2257 360 2320 ei
374 2257 533 2333 contulit,
547 2264 617 2322 tam
637 2258 673 2319 in
684 2257 777 2320 vasis
795 2257 909 2321 aureis
927 2264 962 2321 et
979 2255 1153 2337 argenteis
1170 2275 1277 2338 quam

328 2358 454 2438 pannis
477 2357 595 2420 sericis
618 2375 658 2419 ac
687 2357 831 2438 gemmis
852 2357 1075 2438 vestibusque
1101 2355 1278 2438 pretiosis.

328 2455 550 2537 Conquestus
571 2462 625 2518 est
644 2455 749 2519 etiam
765 2455 880 2520 Cnuto
905 2475 967 2520 rex
986 2454 1190 2537 magnificus
1218 2475 1276 2519 co·

328 2575 401 2618 ram
427 2555 566 2618 domino
591 2574 694 2636 papa,
717 2557 809 2637 quod
833 2555 1081 2637 archiepiscopi
1106 2562 1278 2618 terrarum

328 2673 470 2718 suarum
493 2673 571 2718 oum
597 2674 660 2736 pro
684 2655 791 2736 pallio
817 2655 1004 2720 obtinendo
1023 2654 1172 2718 Romam
1193 2655 1277 2718 mit·

329 2763 419 2832 tunt,
439 2755 652 2818 immensitas
677 2754 831 2836 pecuniae
851 2755 1124 2837 extorquebatur
1146 2754 1191 2816 ab
1213 2755 1279 2830 eis,

329 2873 392 2917 neo
424 2862 570 2936 possunt
596 2854 727 2936 absque
764 2855 910 2918 simonia
939 2853 1082 2936 pallium
1108 2852 1279 2930 obtinere,

329 2953 420 3017 unde
437 2953 596 3017 dominus
613 2972 706 3035 papa
725 2953 826 3016 nimis
849 2953 1025 3030 confusus,
1042 2973 1085 3016 ne
1098 2952 1132 3014 id
1149 2952 1192 3016 de
1207 2972 1280 3016 cae·

329 3059 404 3116 tero
429 3052 537 3129 fieret,
560 3052 749 3117 interdixit.
810 3052 1027 3135 Significavit
1053 3053 1193 3134 insuper
1213 3071 1279 3134 per

329 3152 511 3233 epistolam
534 3152 706 3235 episcopis
728 3152 948 3233 supradictis,
965 3160 1005 3215 ut
1021 3160 1206 3233 antequam
1232 3152 1280 3215 ad

328 3250 494 3332 Angliam
512 3251 655 3327 veniret,
678 3252 794 3314 omnia
812 3251 928 3315 debita
944 3251 988 3314 ad
1004 3251 1183 3314 ecclesiam
1199 3271 1281 3332 per·

329 3351 487 3425 tinentia,
501 3343 738 3434 *eleemosyna
753 3351 885 3415 scilicet
900 3370 963 3432 pro
978 3351 1117 3426 aratris,
1135 3350 1280 3414 decimae

364 3564 371 3594 ¹
385 3567 514 3630 Scripsit]
530 3567 584 3617 The
599 3569 672 3617 letter
683 3570 705 3617 is
717 3570 791 3631 given
815 3569 875 3618 toolr
887 3570 959 3630 place
977 3583 1008 3618 on
1022 3568 1184 3629 Bastar-day,
1195 3568 1241 3616 bnt
1253 3570 1281 3618 in

328 3641 355 3684 at
366 3637 451 3698 length
461 3637 520 3686 both
531 3639 564 3698 by
573 3639 732 3700 Malmsbury
740 3639 790 3687 ancl
818 3644 880 3688 1027
890 3656 896 3699 3
906 3654 948 3688 soe
960 3639 1080 3688 Mulmsb.
1091 3653 1118 3699 p.
1126 3642 1184 3700 300,
1194 3643 1249 3686 note
1263 3637 1282 3689 ¹.

329 3705 457 3767 Floronce,
476 3707 534 3754 who
556 3722 603 3768 say
625 3708 680 3756 that
700 3710 720 3756 it
736 3723 791 3756 was
850 3738 861 3771 2
871 3742 894 3790 Δ
916 3746 993 3788 mmm
1013 3741 1067 3789 Gar
1085 3740 1152 3803 m]
1169 3740 1206 3789 St
1226 3741 1282 3790 An·

327 3776 456 3836 conveyed
475 3781 501 3825 to
520 3776 637 3839 Englaucl
658 3778 691 3838 hy
704 3777 789 3825 Livin·
885 3812 890 3822 .
1017 3812 1023 3822 .
1066 3756 1085 3802 Κ
1132 3775 1138 3788 “

327 3860 385 3906 gns,
396 3846 454 3894 who
472 3847 574 3895 became
591 3846 681 3907 bishop
693 3847 790 3896 orere-
816 3812 872 3873 ⁸⁰¹⁰
883 3826 909 3859 ¹¹¹
921 3811 1049 3859 cmm·

326 3916 397 3965 diton
419 3916 445 3964 in
468 3919 542 3976 losa,
563 3915 592 3964 of
607 3917 748 3966 Worcester
764 3919 790 3965 in
850 3912 1026 3976 ‘Eleenwegau
1045 3947 1091 3964 ...
1109 3913 1280 3976 proamita]

328 3988 401 4044 1030,
412 3985 462 4033 ancl
474 3986 533 4034 died
545 3987 570 4033 in
583 3989 656 4035 1040.
816 3983 917 4046 Plongh
940 3985 1013 4043 alma,
1031 3998 1061 4031 or
1077 3997 1093 4031 a
1114 3987 1233 4044 payrneut
1252 3983 1284 4031 of

361 4051 371 4084 ²
395 4055 425 4103 In
454 4071 543 4116 magau
569 4055 711 4103 solennitate
732 4070 787 4116 pur·
814 4069 860 4102 one
888 4069 971 4115 penny
996 4058 1022 4101 to
1052 4053 1094 4101 the
1121 4053 1215 4102 ohurch
1239 4051 1281 4101 lor

326 4124 412 4187 chuia]
429 4124 482 4173 The
494 4126 636 4174 coronation
648 4124 677 4173 of
685 4125 726 4173 the
738 4139 789 4172 om·
815 4139 890 4184 every
901 4124 960 4172 hide
978 4122 1007 4171 of
1021 4123 1096 4182 land,
1113 4123 1173 4184 paid
1190 4137 1206 4170 a
1218 4122 1281 4173 sort·

326 4208 399 4255 perot
415 4195 516 4244 Conrad
533 4194 574 4242 the
592 4195 693 4256 second,
705 4193 789 4243 which
814 4194 885 4255 night
896 4193 960 4242 aster
973 4194 1071 4242 Easter.
