2888 4852
351 394 418 460 316
611 409 745 457 noosnr
771 408 817 455 on
840 407 1046 456 wsroovsn

353 576 524 632 matorum
547 567 706 632 exierunt
729 565 773 629 ad
797 564 1034 648 praedandum,
1063 562 1141 628 aliis
1166 563 1308 628 interim

353 667 484 733 vallum
505 668 711 732 facientibus
730 665 904 729 interduo
925 664 1079 741 flumina,
1103 663 1308 728 Thamesim

354 768 488 832 scihcet
515 774 552 831 et
583 766 770 843 Konstam,
796 785 819 829 a
846 771 946 846 parta
976 764 1122 828 dextera
1147 763 1305 847 ejusdem

353 866 459 932 villae.
492 859 961 945 Quihns¹Athulsus‚oomes
976 862 1305 940 Berrucensis,cum

354 967 439 1043 suis,
462 965 499 1029 in
523 965 600 1029 loco
621 965 681 1048 qui
697 961 925 1046 ‘Anglcseld,’
941 962 977 1026 id
1001 972 1056 1027 est
1072 981 1215 1045 campus
1227 960 1306 1025 An-

353 1065 501 1147 glorum,
518 1065 656 1141 dicitur,
674 1063 842 1139 obviavit,
856 1063 915 1126 ubi
940 1063 1066 1126 acriter
1087 1082 1132 1125 ex
1153 1069 1304 1144 utraque

352 1171 453 1246 parto
475 1170 732 1247 pugnaverunt,
759 1162 869 1226 donec
892 1181 1007 1225 comes
1029 1181 1119 1225 unns
1144 1180 1302 1245 pagano·

353 1283 429 1326 rum
453 1283 532 1328 curn
554 1263 677 1347 majori
701 1270 800 1344 parte
817 1262 872 1325 sui
894 1259 1068 1325 exercitus
1091 1261 1224 1326 deletus
1248 1281 1303 1325 re-

353 1361 457 1446 hquis
489 1381 630 1427 causam
657 1361 806 1444 praebuit
835 1360 1009 1441 fugiendi3
1042 1360 1161 1444 sicque
1183 1359 1300 1424 Chris-

352 1462 459 1526 tianis
478 1463 625 1526 victoria
646 1461 781 1543 potitis,
806 1469 887 1542 post
906 1459 979 1522 dies
1005 1468 1156 1542 quatuor
1180 1459 1301 1525 Ethel-

351 1561 455 1626 redns
477 1581 552 1639 rex,
574 1570 609 1626 ct
624 1562 731 1624 frater
745 1559 821 1643 ejus
837 1558 1013 1637 Alfredus,
1036 1561 1192 1624 exercitu
1216 1579 1299 1623 con·

351 1668 510 1744 gregato,
521 1662 565 1725 ad
583 1659 784 1742 Radingum
800 1668 982 1736 venerunt,
994 1659 1157 1723 caedendo
1172 1666 1299 1742 etpro-

345 1761 535 1825 stcrncndo
560 1778 783 1845 quoscunque
811 1778 856 1822 ex
881 1759 1028 1841 paganis
1057 1767 1159 1823 extra
1185 1778 1300 1823 arcem

350 1859 568 1925 invenerunt.
618 1859 772 1923 Tandem
796 1857 924 1941 pagani
942 1877 988 1922 ex
1009 1859 1168 1922 omnihus
1188 1861 1300 1941 portis

350 1967 569 2042 erumpentes
593 1959 678 2023 totis
703 1958 832 2022 viribus
857 1957 1014 2040 praelium
1040 1958 1298 2037 commiserunt,

350 2058 409 2122 ubi
434 2059 549 2123 diuet
569 2059 694 2123 acriter
717 2056 915 2140 praeliantes
938 2059 1097 2122 comitem
1113 2057 1297 2122 Athulfum
1318 2115 1320 2119 ,

350 2166 570 2240 peremerunt
593 2166 629 2222 et
646 2157 862 2223 Christianos
884 2157 921 2219 in
945 2158 1064 2239 fugam
1085 2166 1296 2239 coegerunt3

350 2276 394 2322 ex
426 2277 495 2340 quo
526 2276 609 2322 casu
642 2256 832 2321 Christiani
869 2255 1052 2338 plurimum
1092 2258 1297 2340 perturbati,

349 2363 586 2421 convenerunt
609 2357 733 2420 iterum
758 2363 838 2438 post
862 2363 1012 2438 quatuor
1037 2355 1111 2419 dies
1137 2357 1181 2419 sd
1206 2376 1296 2439 pug-

349 2467 442 2533 nam,
458 2456 496 2519 in
511 2455 588 2519 loco
609 2455 669 2537 qni
681 2448 708 2489 ²‘
720 2453 940 2533 Essesdnne,'
954 2455 990 2519 id
1011 2464 1065 2520 est
1081 2475 1179 2520 mons
1199 2456 1296 2520 frax-

295 2551 302 2566 '
348 2555 409 2632 ini,
441 2555 577 2633 dicitur,
604 2574 681 2618 cum
708 2562 784 2619 tota
815 2555 1015 2619 fortitudine
1043 2574 1146 2638 quam
1169 2548 1296 2621 hahere

348 2663 544 2737 potuerunt.
597 2654 665 2718 Sed
686 2655 815 2738 pagani
843 2654 879 2717 in
902 2654 988 2718 duas
1013 2664 1144 2719 turmas
1173 2675 1210 2718 se
1241 2656 1293 2719 di·

349 2754 517 2833 videntes,
548 2755 584 2819 in
614 2774 685 2819 una
717 2754 804 2818 duos
840 2774 940 2834 reges
969 2755 1094 2818 Bassai
1130 2762 1165 2818 et
1202 2754 1293 2818 Hal·

347 2853 447 2932 dene,
474 2856 509 2919 in
542 2854 654 2919 altera
680 2874 762 2918 vero
793 2873 910 2918 omnes
934 2854 1093 2917 consules
1116 2874 1193 2917 cnm
1220 2858 1293 2919 suis

346 2954 495 3018 subditis
519 2954 744 3033 ordinarunt3
778 2953 871 3035 quod
897 2961 1076 3017 cernentes
1105 2953 1294 3019 Christiani

347 3054 463 3136 stipsi
478 3074 515 3118 se
530 3054 688 3117 similiter
702 3054 739 3117 in
752 3052 838 3116 duas
855 3054 947 3116 acies
963 3060 1172 3131 statuerunt,
1188 3074 1292 3118 unam

346 3154 421 3235 regi
456 3153 640 3218 Ethchedo
677 3161 713 3216 et
742 3143 884 3217 alteram
923 3150 1066 3216 Alfredo
1098 3153 1196 3217 fratri
1228 3175 1293 3218 suo

346 3253 610 3317 committentes.
669 3252 755 3315 Erat
785 3259 901 3315 autem
929 3272 992 3315 rex
1022 3251 1226 3317 Ethelredns
1256 3255 1293 3317 in

347 3351 496 3416 tentorio
520 3353 660 3415 missam
682 3350 838 3428 audiens,
858 3352 917 3415 ubi
939 3371 1017 3415 cum
1040 3353 1166 3433 saepius
1184 3373 1205 3417 a
1221 3356 1292 3417 suis

346 3449 552 3515 invitaretur
585 3451 629 3514 ad
663 3459 848 3528 certamen,
876 3459 1075 3515 constanter
1109 3450 1294 3518 affirmavit

344 3567 383 3612 se
406 3569 474 3613 non
497 3569 711 3614 recessurum
734 3551 934 3633 prinsquam
952 3552 1131 3634 presbyter
1152 3553 1291 3616 missam

344 3649 608 3732 complevissct;
638 3669 716 3731 quae
748 3649 832 3713 fides
859 3649 1047 3714 Christiani
1075 3651 1167 3733 regis
1201 3651 1290 3714 mul·

288 3943 293 3953 ,
378 3903 538 3970 ¹Ambisna]
559 3905 643 3954 before
663 3905 804 3954 mentioned
865 3900 876 3933 ⁸
901 3903 1075 3967 caenae]
1103 3905 1294 3970 ‘Escsndnne,'

343 3988 373 4024 ss
391 3976 479 4038 aiding
499 3977 524 4024 in
546 3976 588 4024 the
611 3974 695 4024 deisat
717 3974 746 4023 oi
762 3975 804 4023 the
830 3974 1009 4034 Mslmshnry3
1028 3972 1212 4036 ‘Aescsdnne,'
1230 3978 1291 4028 Sax.

340 4044 429 4094 Dones
447 4051 474 4095 at
493 4045 674 4106 Southampton
694 4046 719 4092 in
740 4048 804 4103 8613
829 4043 922 4111 Qhron.
937 4043 988 4091 and
1007 4044 1101 4093 Assar:
1121 4060 1178 4093 now
1200 4047 1290 4109 bstou,

339 4112 371 4164 hs
380 4115 403 4165 is
411 4115 492 4165 calleo
503 4118 535 4178 by
543 4117 621 4165 Asser
632 4114 803 4164 ‘aethelwlfi'
829 4115 855 4161 in
867 4112 1014 4173 Berhshirs,
1024 4128 1061 4175 or,
1072 4129 1101 4162 as
1109 4116 1183 4163 Corte
1194 4117 1290 4178 thinks,

831 4183 893 4231 with
904 4197 971 4232 more
982 4184 1143 4247 probability,
1150 4185 1289 4236 Ashdown.
