2888 4852
433 441 572 493 enonas
596 437 863 488 nisronrnnun.
1060 419 1126 483 519

174 604 377 687 postulavit,
400 601 492 686 quod
522 601 552 664 si
580 592 589 630 ¹
591 599 652 683 jus
677 595 845 661 Willelmi
872 612 1000 677 negare
1028 595 1124 670 velit,

169 704 303 790 judicio
328 703 419 767 sedis
442 699 656 784 apostolicae,
679 696 733 761 vel
754 695 874 779 praelio
900 695 930 758 si
951 694 1124 771 maluerit,

174 805 240 869 hoc
256 802 453 869 Willelmus
468 820 505 864 se
519 797 644 863 asserit
661 797 897 880 probaturum.
946 793 1124 858 Haroldus

175 924 312 988 quoque
332 912 455 968 contra
477 900 540 964 has
562 916 681 964 omnes
704 895 924 972 assertiones,
941 895 1015 958 solo
1033 893 1125 976 quod

174 1002 432 1088 supradictum
460 1007 514 1065 est
538 1017 704 1081 responso
728 1003 924 1071 contentus,
951 994 1125 1059 Norman·

176 1124 298 1168 norum
315 1103 448 1166 animos
464 1099 606 1164 exacuit
622 1097 666 1161 ad
683 1094 918 1179 pugnandum.

250 1276 300 1340 De
315 1273 389 1340 bello
405 1272 493 1359 apud
506 1271 697 1355 Haeliapum
712 1279 740 1334 el
755 1269 792 1334 de
808 1269 940 1334 victoria
957 1269 1048 1333 doeio

581 1368 742 1435 Willolmi.

226 1496 362 1561 Deinde
385 1502 502 1579 partes
531 1495 687 1559 adversae
715 1494 807 1558 acies
829 1494 1040 1576 disponunt3
1067 1493 1127 1558 sed
1142 1516 1245 1559 nartleot

180 1594 301 1679 Angli,
314 1596 374 1679 qui
391 1606 527 1660 noctem
544 1601 654 1659 totum
670 1592 860 1658 insomnem
878 1614 955 1658 cum
971 1593 1130 1657 cantibus
1142 1568 1251 1618 mm

178 1705 213 1761 et
227 1697 461 1780 potationibus
476 1701 774 1777 consumpserant,
793 1712 893 1757 mane
914 1694 1027 1757 adhuc
1043 1694 1129 1758 ebrii

178 1806 300 1862 contra
315 1797 432 1861 hostes
445 1795 686 1859 incunctanter
697 1794 899 1878 procedunt,
911 1794 1044 1876 pedites
1057 1814 1131 1859 om-

182 1917 242 1961 nes
259 1917 337 1960 cum
353 1896 524 1979 bipennis,
541 1902 701 1959 conserta
715 1902 797 1958 ante
814 1914 852 1958 se
869 1901 1044 1959 scutorum
1060 1900 1130 1957 tes-

181 1997 312 2074 tudine,
327 2016 473 2061 cuneum
489 1993 784 2078 impenetrabilem
797 1993 1022 2072 ordinarunt3
1037 1992 1130 2076 quod

180 2096 336 2178 profecto
358 2097 426 2160 illis
449 2114 491 2160 ea
507 2095 562 2159 die
582 2094 688 2159 saluti
705 2093 837 2170 finisset,
854 2092 919 2156 nisi
938 2093 1131 2158 Normanni

181 2216 276 2260 more
300 2215 364 2260 suo
388 2196 472 2277 fuga
490 2195 666 2271 simulata,
689 2200 867 2258 consertas
894 2193 986 2257 acies
1008 2192 1134 2257 dissol-

182 2296 326 2361 vissent.
381 2295 462 2360 Rex
492 2293 671 2359 Haroldus
699 2293 804 2377 pedes
831 2292 939 2377 juxta
964 2292 1132 2358 vexillum

181 2397 298 2460 stabat
322 2416 400 2459 enm
424 2395 587 2459 fratribus
607 2395 691 2471 suis,
714 2402 763 2471 ut,
782 2395 818 2457 in
840 2412 1020 2458 commune
1044 2411 1133 2457 coae·

181 2503 289 2579 quato
303 2496 469 2578 periculo,
483 2515 584 2560 nemo
598 2494 641 2559 de
655 2495 739 2576 suga
752 2495 923 2576 cogitaret
935 2513 944 2573 ;
963 2514 983 2558 e
999 2500 1133 2569 contra,

182 2617 267 2677 gens
284 2596 563 2661 Normannorum
580 2603 682 2658 nocte
698 2601 772 2658 tota
791 2593 999 2658 confessioni
1014 2612 1135 2675 pecca-

182 2704 296 2759 torum
323 2695 554 2770 intendentes,
587 2711 688 2756 mane
711 2693 885 2756 Dominici
913 2692 1067 2775 corporis
1099 2701 1135 2757 et

184 2795 362 2874 sanguinis
378 2794 566 2856 munimine
580 2793 743 2874 saginati,
760 2791 926 2856 audacter
942 2791 1061 2856 hostes
1075 2812 1135 2855 su-

183 2893 699 2975 pervenientesexspectabant.
745 2890 926 2956 Peditibns
942 2911 1020 2956 cum
1036 2910 1136 2955 arcu-

183 2994 248 3056 bus
266 3000 300 3056 et
315 2993 455 3075 sagittis
470 2990 667 3056 Willelmus
682 2992 828 3075 primam
850 2993 959 3056 aciem
976 2992 1135 3069 munivit,

185 3093 319 3174 equites
340 3101 433 3157 retro
452 3090 573 3155 divisis
597 3091 661 3155 alis
684 3091 877 3157 constituit.
929 3092 1015 3156 Dux
1034 3091 1135 3156 vultu

185 3212 327 3255 serenus
344 3193 438 3257 clara
448 3210 534 3255 voce
546 3211 620 3255 suae
631 3192 724 3274 parti
735 3198 857 3273 utpote
869 3191 1009 3275 justiori
1022 3191 1137 3255 Deum

186 3291 386 3356 adfuturum
408 3291 649 3374 pronuntians,
674 3309 770 3353 arma
795 3291 963 3373 deposcit,
985 3311 1138 3375 moxque

188 3392 422 3456 ministrorum
446 3390 599 3456 tumultu
620 3391 792 3455 inversam
814 3390 955 3454 indutus
982 3391 1138 3468 loricam,

185 3512 303 3556 casum
319 3492 390 3555 risu
401 3491 575 3570 correxit3
591 3489 789 3568 ‘Vertetur,
804 3492 958 3573 inquam,
970 3491 1138 3556 fortitudo

185 3590 331 3657 ducatus
350 3593 416 3656 mei
436 3593 472 3655 in
490 3584 660 3674 regnum!
709 3590 809 3653 Tunc
827 3583 1013 3655 'Rollandi
1032 3599 1138 3657 cantu

221 3753 291 3806 'lar
312 3758 463 3822 Willelmi.]
485 3759 651 3822 'lbroughout
676 3758 1138 3824 aetherightfulheirtothethrone3

185 3827 227 3876 the
244 3827 390 3887 Domesday
402 3843 494 3890 surrey
512 3829 610 3879 Harold
628 3830 651 3878 ir
676 3829 1136 3893 seelntrodaonomesdayfipun.

187 3897 326 3958 conetnntly
355 3897 453 3958 spoken
484 3897 514 3946 of
543 3914 572 3948 ae
608 3899 650 3949 the
712 3897 957 3963 ’Raibadieuntafl
974 3903 1141 3963 supposedto

187 3982 295 4028 ueurper
312 3966 342 4015 ol
361 3967 404 4016 the
422 3968 510 4028 reulm,
528 3968 651 4030 ‘quando
676 3968 708 4018 be
719 3984 736 4018 a
746 3970 858 4018 metrica}
869 3984 1141 4022 romancecommemo·

185 4038 278 4087 invasit
293 4052 396 4099 regnum
407 4037 424 4097 ς’
440 4037 482 4086 the
494 4052 563 4086 rame
574 4043 651 4088 terme
677 4040 759 4101 rating
770 4039 812 4088 the
828 4040 925 4089 actions
941 4040 971 4088 ol
980 4041 1022 4089 the
1037 4042 1141 4102 paladin

186 4122 229 4157 are
252 4107 317 4156 used
340 4109 365 4155 in
385 4107 428 4157 the
452 4108 536 4157 Battla
559 4108 651 4171 Abbey
678 4108 1141 4172 Roland,andotherpeereolChar-

186 4178 358 4239 Chartulary3
373 4178 460 4227 wbilel
473 4179 498 4226 in
515 4177 576 4228 both
588 4178 651 4228 Wil·
677 4179 801 4241 lemagne,
809 4180 868 4229 who
877 4180 921 4230 seu
932 4186 959 4229 at
970 4182 1143 4241 ltoncerault3

185 4247 245 4298 liam
253 4263 362 4310 appears
373 4253 398 4296 to
409 4250 441 4298 be
449 4249 651 4310 acknowledged
678 4248 799 4299 Malmsb.
811 4266 838 4319 p.
850 4253 909 4313 41⁵,
920 4255 974 4300 nole
985 4248 1004 4301 ⁴.
