2888 4852
311 393 398 457 xxiv
698 408 871 456 sarraca.

313 580 367 635 tro
386 576 579 635 extractum
599 568 700 632 duxit
720 568 928 644 londonias,
953 577 988 634 et
1009 590 1099 647 eum,
1124 570 1185 634 vix
1205 592 1266 636 an·

314 678 440 734 nuente
454 669 594 752 populo,
608 688 649 733 co
663 669 755 750 quod
773 669 962 731 monachus
978 679 1082 748 esset,
1096 671 1129 733 in
1145 692 1265 752 regem

314 771 435 834 erexit.
477 768 689 833 Witheliuus
706 768 808 842 enim,
824 767 1075 832 Loudoniensis
1092 771 1268 854 archiepi-

314 889 451 952 scopus,
473 877 556 932 tunc
573 867 753 931 defunctus
775 867 899 944 suerat,
922 888 983 932 uec
1003 869 1070 932 fuit
1084 871 1186 947 alter,
1204 873 1264 954 qui

315 969 459 1032 illumin
475 987 590 1049 regem
604 967 789 1030 sublimare
802 969 1099 1050 praesumpsisset3
1117 970 1179 1034 sed
1190 971 1267 1053 ipse

317 1067 548 1149 Vortigernus
564 1067 654 1131 vices
671 1067 822 1148 episcopi
838 1085 973 1147 gerens,
992 1064 1189 1151 [coronam]
1207 1091 1267 1135 ca·

318 1167 381 1250 piti
407 1187 471 1231 suo
499 1167 646 1249 propriis
674 1167 830 1229 manibus
852 1167 1037 1248 impressit.
1090 1169 1267 1235 Sublima-

318 1276 375 1331 tus
400 1267 506 1348 igitur
532 1286 606 1342 rex,
633 1267 748 1329 omnia
773 1267 869 1345 regui
893 1268 1033 1347 negotia
1052 1266 1269 1350 Vortigerno

318 1367 531 1449 disponenda
557 1366 737 1430 commisit.
791 1364 839 1428 At
857 1364 1100 1448 Vortigernus,
1127 1376 1268 1434 astutus

318 1475 354 1531 ct
376 1466 526 1548 sapiens
548 1467 692 1530 castella
714 1472 749 1529 et
770 1466 975 1547 munitiones
998 1469 1094 1547 regni
1117 1468 1189 1531 suis
1213 1489 1270 1533 sa-

319 1566 486 1631 tellitibus
506 1566 655 1643 tradenS,
678 1584 747 1648 quo
768 1565 869 1628 modo
891 1585 1006 1647 regom
1026 1567 1178 1631 traderet
1195 1570 1268 1633 cal·

319 1667 389 1731 lide
412 1667 599 1748 cogitabat.
653 1665 754 1747 Cepit
772 1665 890 1747 itaque
913 1665 1093 1729 thesauros
1116 1669 1208 1749 regis
1232 1671 1267 1733 in

320 1767 524 1845 custodiam,
541 1775 576 1831 et
600 1786 777 1830 numerum
804 1765 948 1829 militum
977 1785 1017 1828 ac
1043 1768 1268 1834 servientium

321 1869 441 1931 diebus
458 1868 604 1948 singulis
618 1866 868 1948 augmentavit.
926 1865 1061 1930 Deinde
1075 1887 1191 1948 regem
1207 1870 1271 1933 ad-

321 1969 406 2043 iens,
432 1967 611 2030 consilium
634 1966 728 2029 dedit
751 1966 794 2040 ei,
816 1973 854 2029 ut
876 1974 1012 2029 centum
1031 1967 1162 2044 Pictos,
1180 1989 1270 2050 quos

322 2067 365 2130 ad
388 2087 521 2130 omnem
544 2067 767 2149 perditionem
784 2075 819 2129 et
835 2064 950 2128 dolum
969 2076 1146 2149 promptos
1163 2090 1270 2133 nove-

322 2176 377 2231 rat
394 2174 428 2231 et
445 2175 597 2249 paratos
614 2168 648 2229 in
672 2167 836 2248 obsequio
858 2186 921 2230 suo
944 2168 1117 2243 retineret,
1141 2178 1177 2231 ut
1196 2190 1270 2233 cor·

323 2288 387 2351 pus
403 2286 501 2330 suum
522 2267 642 2331 diebus
665 2287 706 2330 ac
728 2267 885 2330 noctibus
908 2266 951 2330 ab
975 2266 1168 2331 incursione
1192 2269 1272 2334 hos·

323 2370 409 2432 tium
429 2376 617 2432 tuerentur.
656 2367 778 2444 Porro,
793 2374 966 2430 annuente
984 2387 1074 2447 rege,
1090 2369 1270 2450 supradic-

323 2475 380 2532 tus
398 2468 574 2532 Pictorum
592 2487 753 2531 numerus
772 2487 849 2530 cum
871 2467 1008 2548 privata
1025 2468 1116 2547 regis
1139 2467 1273 2534 familia

323 2576 376 2632 est
402 2567 597 2646 admissus;
630 2576 667 2631 at
684 2568 913 2648 Vortigernus
934 2586 993 2630 eos
1016 2567 1066 2629 ita
1089 2567 1272 2650 stipendiis

324 2668 458 2731 ditabat
486 2668 691 2731 militaribus
721 2675 755 2730 et
781 2667 892 2748 epulis
915 2666 1167 2730 delicatissimis
1194 2671 1273 2732 reli-

324 2768 448 2844 ciebat,
471 2768 561 2850 quod
581 2768 764 2831 adorantes
783 2767 878 2829 illum
897 2786 958 2848 per
978 2767 1110 2848 plateas
1129 2766 1271 2849 dignum

323 2868 466 2950 imperio
490 2868 699 2931 indicabant.
754 2865 841 2930 Cum
866 2866 972 2946 igitur
991 2868 1137 2946 gratiam
1161 2872 1273 2932 omni-

326 2987 382 3031 um
399 2988 436 3031 se
454 2967 580 3031 habere
596 2967 817 3048 cognovisset
830 2966 1072 3046 Vortigernus,
1087 2966 1273 3033 inebriavit

325 3087 385 3130 eos
408 3068 555 3150 quodam
574 3069 639 3146 die,
660 3067 777 3130 dicens
797 3087 874 3130 curn
891 3065 1087 3149 lachrymis,
1105 3087 1142 3130 se
1157 3088 1178 3130 a
1195 3070 1273 3133 Bri-

326 3169 445 3231 tannia
473 3187 698 3243 recessurum‚
720 3186 797 3230 cum
820 3188 886 3231 nou
907 3166 1048 3231 haberet
1070 3166 1112 3231 de
1135 3172 1275 3251 proprio

327 3287 469 3330 numero
492 3268 614 3349 [unde]
640 3268 893 3350 quinquaginta
916 3267 1079 3331 militibus
1101 3270 1276 3350 stipendia

327 3367 543 3448 provideret3
579 3367 713 3444 deinde,
748 3368 847 3449 quasi
876 3365 998 3444 tristia,
1033 3367 1193 3431 recedens
1229 3372 1272 3434 ad

330 3466 517 3549 hospitium
534 3486 648 3543 suum,
667 3468 760 3548 ipsos
782 3467 818 3529 in
839 3466 920 3530 aula
940 3474 1100 3549 potantes
1119 3469 1273 3551 reliquit3
1332 3490 1334 3494 “

329 3585 398 3649 quo
423 3567 554 3642 audito,
580 3568 839 3631 murmurabant
860 3567 951 3631 Picti
973 3566 1016 3629 ad
1040 3567 1198 3646 invicem,
1225 3571 1276 3634 di-

329 3673 458 3743 centes,
486 3666 640 3749 ‘thuid
666 3667 870 3731 monachum
893 3668 995 3730 istum
1019 3687 1086 3730 non
1113 3668 1274 3733 interlici-

330 3787 418 3844 muS,
435 3773 474 3830 ut
488 3767 718 3849 Vortigernus
740 3767 827 3831 solio
851 3768 947 3847 regni
962 3768 1150 3848 potiaturl’
1193 3770 1275 3833 Sur-

331 3873 452 3947 gentes
488 3866 606 3950 itaque
645 3867 816 3942 inebriati,
853 3864 1018 3946 impetum
1055 3864 1208 3932 fecerunt
1240 3871 1275 3934 in

331 3985 466 4046 regem3
499 3966 627 4049 illoque
654 3973 842 4049 perempto,
857 3964 1068 4046 Vortigeruo
1096 3977 1200 4048 caput
1228 3991 1277 4034 re-

331 4065 425 4144 gium
448 4065 656 4129 detulerunt.
710 4065 813 4143 Quod
840 4086 917 4129 cum
944 4065 1172 4130 intellexisset
1187 4068 1276 4133 Vor-

330 4164 499 4247 tigernus‚
521 4165 620 4248 quasi
646 4166 882 4238 contristatus
908 4165 942 4227 in
967 4165 1084 4228 fletum
1111 4171 1278 4251 prorupit,
