2888 4852
344 397 410 461 366
601 413 735 461 uocum
760 413 807 460 ua
830 412 1037 461 wsuuovuu

344 575 410 644 est,
432 568 658 651 applicantes,
682 569 807 652 praedis
831 568 957 633 ibidem
983 571 1156 635 vacabant
1180 578 1214 634 et
1238 591 1296 635 ra·

343 668 459 749 pinis;
480 669 572 751 quod
593 669 666 750 regi
682 668 825 734 Alfredo
847 688 925 732 curn
948 668 1140 733 nuntiatum
1160 670 1295 747 fuisset,

344 767 564 849 praedonibus
589 767 792 832 festinanter
809 769 971 844 occurrit,
990 788 1175 852 eorumque
1201 771 1294 834 lace-

344 867 429 930 ratis
460 866 668 948 agminibus,
700 867 852 949 praedam
884 868 1041 931 excussit
1078 875 1113 931 et
1151 888 1211 933 eos
1247 870 1291 933 ad

344 983 451 1030 naves
467 966 587 1049 fugere
603 968 739 1049 coegit;
762 986 849 1049 quos
872 987 934 1030 rex
958 986 1036 1030 cum
1059 968 1131 1030 suis
1147 968 1294 1033 viriliter

342 1065 520 1129 insecutus
552 1065 667 1129 sexies
699 1066 822 1148 viginti
854 1086 900 1131 ex
936 1067 985 1129 eis
1018 1067 1201 1144 interfecit,
1230 1070 1289 1133 uhi

344 1164 450 1228 etiam
472 1184 517 1228 ex
544 1164 676 1228 familia
698 1166 789 1247 regis
816 1166 1048 1248 quadraginta
1071 1165 1141 1229 duo
1166 1167 1294 1232 milites

343 1264 561 1343 ceciderunt3
590 1265 737 1346 paganis
759 1266 866 1346 igitur
885 1266 929 1329 ad
951 1284 1046 1329 mare
1066 1264 1290 1348 fugientibus»,

343 1364 457 1427 ventis
481 1364 516 1426 in
544 1364 754 1428 contrarium
777 1364 982 1446 fugientium
1008 1365 1197 1447 piratarum
1220 1368 1292 1450 spi-

343 1463 512 1539 rantibus,
530 1462 648 1526 fractis
668 1464 815 1527 navibus
831 1464 1050 1545 naufragium
1065 1464 1292 1546 pertulerunt,

343 1580 431 1644 quos
453 1563 602 1626 ministri
623 1565 715 1644 regis
737 1563 1062 1646 comprehendentes
1087 1571 1123 1627 et
1145 1563 1291 1629 vinculis

343 1662 548 1725 arctioribus
587 1663 877 1743 constringentes,
908 1664 985 1745 ipso
1022 1682 1103 1745 rege
1133 1662 1291 1746 jubente,

342 1779 461 1824 omnes
500 1761 655 1842 patibulo
690 1762 954 1843 suspenderunt.
1022 1762 1157 1826 Deinde
1190 1783 1291 1828 omne

343 1866 490 1941 tempus,
524 1880 593 1942 quo
627 1880 689 1924 rex
724 1863 931 1944 supervixit,
962 1882 1105 1944 regnum
1136 1863 1172 1925 in
1204 1882 1291 1944 pace

343 1965 510 2036 tractans,
541 1967 635 2024 totus
666 1962 936 2025 conversabatur
964 1961 1000 2025 in
1028 1963 1290 2026 restaurationi·

342 2058 406 2122 bus
437 2058 671 2137 ecclesiarum,
701 2061 737 2124 iu
766 2061 950 2142 largitione
984 2061 1290 2143 eleemosynarum,

342 2155 649 2240 incompositione
675 2160 803 2242 legum,
828 2161 953 2242 quibus
979 2161 1162 2224 milvorum
1188 2180 1291 2243 rapa-

342 2257 429 2320 citas
457 2259 699 2340 reprimeretur
725 2267 761 2323 et
791 2259 941 2341 simplex
972 2260 1124 2323 fidelium
1151 2259 1291 2325 devotio

342 2354 547 2421 firmaretur.

386 2511 525 2596 &paam
546 2512 790 2577 Westaococom
805 2513 869 2577 sirac
883 2512 1050 2599 pbcopali
1064 2515 1230 2599 carescit.

391 2635 496 2702 Auno
528 2638 669 2702 Domini
701 2656 896 2702 ucccxmx.
924 2639 1104 2703 Romanus
1133 2640 1223 2704 sedit
1251 2641 1288 2703 in

276 2773 283 2786 ·
342 2737 508 2800 cathedra
534 2738 696 2802 Romana
726 2739 899 2801 mensibus
930 2746 1080 2820 quatuor
1109 2746 1144 2802 et
1170 2739 1289 2804 diebus

342 2835 467 2918 viginti
490 2836 646 2916 duobus;
679 2838 734 2900 cui
759 2838 945 2901 succedens
962 2837 1178 2916 Theodorus,
1200 2839 1291 2902 sedit

340 2935 378 2999 in
394 2935 558 3000 cathedra
572 2937 692 3000 diebus
707 2937 831 3018 viginti
853 2957 928 3002 sex.
979 2937 1155 3001 Successit
1176 2939 1207 3001 ei
1230 2958 1289 3002 eo·

341 3032 419 3098 dem
438 3054 530 3099 anno
541 3035 564 3099 J
568 3035 719 3100 ohannes
737 3036 872 3100 duobus
888 3038 988 3100 annis
1004 3043 1039 3100 et
1054 3036 1174 3100 diebus
1188 3039 1289 3120 quin·

340 3133 462 3199 decim.
504 3135 634 3198 Eodem
652 3154 755 3212 anno,
770 3136 932 3200 defuncto
947 3129 1192 3213 ¹Ethelwald0,
1212 3136 1286 3200 Sci-

341 3235 541 3297 reburnensi
555 3235 730 3317 episcopo,
750 3237 914 3299 remansit
929 3236 1109 3318 provincia
1128 3237 1287 3300 occiden-

340 3333 461 3396 talium
476 3332 654 3397 Saxonum
672 3333 745 3398 sine
762 3334 931 3417 episcopis
953 3343 988 3399 et
1007 3355 1091 3399 cura
1107 3336 1287 3417 pastorali,

340 3432 375 3494 vi
392 3431 605 3510 hostilitatis,
622 3440 753 3515 septem
772 3434 883 3498 annia.

442 3598 492 3660 De
505 3606 598 3661 morte
612 3597 718 3682 magui
733 3598 811 3682 repis
825 3597 955 3681 Alsredi
969 3607 996 3662 ct
1010 3599 1190 3663 successione

727 3697 915 3761 Eodwarda'.

282 3868 287 3879 .
389 3817 494 3884 Auno
514 3820 656 3884 Domini
677 3838 801 3885 uccoc.
823 3815 984 3885 ²Carolus
1008 3842 1153 3903 regnum
1178 3825 1288 3887 susci·

375 3987 382 4020 ¹
396 3984 574 4053 Ethelwoldo.]
591 3991 712 4039 Wharton
734 3991 756 4039 is
772 3990 801 4038 oi
824 3990 896 4052 place
915 3990 999 4039 before
1018 3995 1068 4040 909
1078 4006 1085 4050 ;
1097 3991 1174 4051 Angl.
1187 3992 1256 4040 Sacr.
1269 3993 1287 4041 i.

339 4061 440 4120 opinion
452 4062 506 4109 that
516 4061 558 4109 the
570 4075 612 4108 sec
624 4061 653 4108 of
659 4060 798 4108 Sherhome
824 4076 850 4120 p.
862 4064 919 4109 554.
943 4061 1023 4109 There
1035 4063 1057 4109 is
1068 4075 1100 4108 no
1112 4061 1286 4122 trust-worthy

339 4144 394 4178 was
405 4129 464 4178 held
475 4130 508 4190 by
517 4128 665 4178 Assarfrom
677 4133 725 4178 879
734 4130 798 4177 until
823 4130 943 4178 evidence
954 4137 980 4179 to
991 4145 1066 4191 prove
1078 4131 1120 4178 the
1132 4135 1256 4191 contrary.

338 4199 378 4247 hia
399 4198 485 4260 death,
507 4199 590 4247 which
612 4200 657 4248 did
676 4205 719 4248 not
738 4200 798 4249 take
858 4196 983 4248 waratus
995 4200 1239 4261 ...regnavitannis
1249 4201 1286 4249 ci·
