2888 4852
409 431 547 481 neonus
571 432 840 484 ursronrnnuu.
1029 421 1094 486 405

144 584 316 664 decoram,
332 589 452 671 procul
474 609 496 652 a
511 591 625 672 capite
647 591 682 654 in
705 598 831 654 terram
857 611 966 674 usque
983 594 1092 675 negli-

143 693 264 764 genter
280 688 450 764 avulsam,
474 709 659 772 regemque
677 692 951 774 interutrasque
972 693 1007 755 in
1028 692 1092 758 luti

143 784 325 851 volutabro
349 788 575 853 volutantem.
629 787 855 881 [Dunstanus
883 791 991 873 igitur
1019 800 1091 857 tam

143 886 274 948 enormi
290 886 382 950 facto
400 897 588 970 permotus,
604 891 678 970 regi
703 882 847 976 inquit,]
865 890 1005 956 ‘Vestri
1027 912 1091 956 nos

141 985 313 1069 principes
329 986 373 1049 ad
396 995 431 1051 te
449 988 604 1070 rogando
621 989 833 1068 direxerunt,
851 997 891 1055 ut
904 991 1024 1055 redeas
1046 992 1091 1056 ad

143 1089 213 1146 tuae
238 1085 329 1149 sedis
354 1085 499 1168 dignum
529 1088 727 1166 triclinium,
752 1097 787 1154 et
812 1090 914 1154 simul
938 1092 1090 1156 cumeis

139 1183 315 1266 jucundus
338 1187 495 1264 existas,'
516 1195 552 1251 et
578 1188 760 1253 mulierum
791 1190 922 1270 pariter
942 1191 1090 1273 ineptias

142 1283 323 1367 increpans
351 1293 387 1348 et
417 1306 557 1349 manum
583 1288 676 1369 regis
700 1287 781 1351 dum
809 1308 950 1370 surgere
980 1289 1090 1354 nollet

143 1385 322 1466 arripiens,
347 1384 391 1447 ad
426 1385 542 1467 regale
574 1387 770 1450 convivium
792 1386 1013 1452 furibundum
1035 1409 1089 1452 rc·

143 1483 254 1547 duxit.
307 1484 406 1548 Tunc
428 1486 591 1549 meretrix
617 1485 689 1561 illa,
707 1479 854 1567 ¹Algiva
877 1494 1089 1571 nuncupata,

142 1584 388 1646 contravirum
405 1583 470 1647 Dei
487 1583 633 1649 ferventi
648 1585 763 1649 furore
780 1604 992 1668 consurgens
1010 1588 1088 1651 dix·

144 1683 183 1758 it,
201 1682 298 1747 illum
316 1683 418 1746 nimis
440 1669 547 1747 fuisse
569 1685 799 1762 temerarium,
816 1684 898 1748 dum
922 1687 1014 1768 regis
1036 1706 1090 1751 se·

77 1835 79 1839 ,
143 1789 240 1845 creta
262 1802 331 1846 non
344 1790 488 1847 vocatus
509 1784 671 1863 intravit;
695 1785 813 1866 sicque
829 1786 968 1848 beatum
991 1785 1090 1849 Duu-

142 1889 279 1946 stanum
294 1882 416 1945 mulier
429 1884 639 1964 nequissima
659 1883 819 1965 persequi
836 1903 905 1947 non
928 1886 1091 1963 cessavit,

143 1981 250 2044 donec
268 1982 359 2063 regis
376 1982 528 2045 animum
546 1990 668 2047 contra
683 1984 914 2048 venerabilem
930 1985 1091 2049 abbatem

143 2080 178 2142 in
196 2082 312 2145 odium
328 2082 474 2146 mortale
488 2082 668 2146 convertit.

380 2281 538 2346 Iohannes
545 2301 636 2367 papa
652 2291 856 2348 consecratur.

194 2426 298 2493 Anno
308 2429 449 2494 Domini
461 2422 688 2493 nccccuvr.²J
692 2429 845 2494 ohannes
854 2449 946 2512 papa
956 2437 1094 2494 creatus
1105 2452 1247 2542 pamm

145 2528 234 2592 sedit
248 2530 284 2592 in
301 2529 466 2594 cathedra
478 2528 639 2593 Romana
655 2529 755 2593 annis
772 2537 915 2613 septem.
946 2524 1095 2611 ³Algiva
1106 2551 1227 2592 annm-

144 2628 356 2711 supradicta,
382 2629 562 2692 mulierum
590 2629 800 2711 turpissima,
825 2649 870 2692 ex
896 2628 1017 2693 Eadwi
1040 2606 1162 2693 ιιι-’ω’

146 2729 199 2808 gis
215 2746 385 2791 consensu
410 2746 544 2791 omnem
567 2726 795 2791 substantiam
812 2727 1012 2792 monasterii
1028 2727 1096 2792 viri

147 2827 215 2889 Dei
241 2827 416 2891 Dunstani
446 2826 623 2908 diripiens,
647 2834 793 2908 urgente
825 2826 979 2910 ejusdem
1002 2827 1095 2908 regis

146 2927 301 3007 imperio,
319 2925 457 2990 tandem
483 2926 597 3008 ipsum
624 2944 646 2989 a
668 2945 776 3007 regno
800 2926 1013 3009 proscripsit,
1036 2923 1096 3007 qui

146 3017 367 3089 ⁴Gallicanas
391 3024 555 3089 secedens
581 3024 617 3087 in
640 3031 758 3108 partes
780 3025 923 3089 exilium
953 3032 1095 3088 coactus

148 3125 293 3208 petivit3
317 3125 377 3188 sed
395 3125 518 3188 mulier
534 3124 645 3188 virum
664 3123 730 3187 Dei
748 3123 948 3188 desiderans
964 3143 1096 3206 praeve·

148 3226 233 3300 nire,
245 3225 339 3287 misit
352 3225 504 3301 lictores,
519 3230 557 3287 ut
574 3223 694 3301 fertur,
704 3224 764 3306 qui
780 3224 905 3306 ipsum,
921 3223 951 3286 si
965 3223 1098 3287 inveni·

149 3331 255 3400 retur,
269 3324 385 3388 lumen
400 3324 577 3387 oculorum
591 3323 780 3406 privarent,
799 3321 873 3399 sed,
889 3342 929 3386 eo
952 3341 1021 3386 non
1042 3322 1097 3386 in·

148 3431 265 3501 vento,
279 3422 412 3488 confusi
428 3423 472 3486 ad
489 3422 630 3506 propria
646 3426 853 3486 remearunt.

185 3694 464 3759 ¹Algieenampala.]
482 3695 611 3745 Bridlerth
671 3693 785 3757 ’Alpion
795 3696 956 3760 supradicta]
975 3697 1098 3761 Compare

148 3767 221 3815 alone
232 3767 354 3815 mentione
370 3766 412 3814 the
432 3780 505 3814 name
525 3765 555 3815 of
568 3765 610 3814 the
637 3760 776 3814 Duneteu‘e
788 3765 832 3814 life
844 3768 878 3828 by
889 3766 1027 3831 Bridlerth,
1038 3769 1097 3818 Act.

149 3850 256 3884 woman.
635 3836 682 3885 SS.
694 3835 759 3885 Mai.
771 3836 806 3885 iv.
819 3852 845 3898 p.
858 3840 914 3887 ³5⁴.

184 3897 421 3971 ’Johunnespapad
440 3903 482 3953 the
494 3902 609 3966 twellth3
670 3902 831 3953 ⁴Gnllicaaes
839 3904 1099 3969 ereremum]

150 3977 181 4024 lre
194 3990 248 4023 was
267 3974 379 4035 deposed
396 3972 460 4022 from
474 3973 516 4023 the
534 3972 611 4037 papal
637 3973 680 4022 He
701 3973 780 4022 found
807 3974 894 4037 refuge
916 3974 979 4024 with
1001 3975 1099 4024 Asnour

151 4061 193 4095 see
205 4045 230 4092 in
242 4048 298 4093 963.
636 4048 713 4093 count
723 4043 752 4093 of
760 4043 891 4094 Flenders.
