2888 4852
322 406 387 470 152
579 419 714 468 nocam
738 420 786 466 uu
809 418 1017 468 wnuuovuu

322 579 373 643 illi
392 579 505 642 locum
530 577 686 661 praefatae
704 576 847 642 visionis
871 576 1098 654 declaratum,
1118 577 1177 641 ubi
1201 597 1275 642 mo·

323 679 476 742 nasterio
499 678 723 742 inhonorem
747 685 939 761 martyrum
962 675 1132 742 fabricato
1149 677 1277 743 dilecta

326 780 403 844 Deo
435 778 685 861 Ermenburga,
716 778 940 861 septuaginta
969 776 1035 841 sibi
1068 778 1277 842 monialibus

326 878 480 955 sociatis,
503 878 581 942 Deo
599 878 743 960 dignum
765 879 866 942 bonae
890 876 1163 942 conversationis
1182 877 1276 942 t'ruc·

162 994 278 1086 effic
326 985 400 1043 tum
426 977 584 1055 offerens,
593 978 740 1042 ‚tandem
763 977 799 1040 iu
823 976 975 1041 Domino
997 977 1141 1061 quievit.
1194 976 1276 1042 Hoc

163 1095 225 1136 suus
325 1079 430 1143 etiam
444 1085 599 1161 tempore
613 1075 811 1160 Botulphus
826 1077 918 1159 apud
931 1069 1154 1142 ¹Hiccanhoe
1168 1077 1277 1142 eccle·

325 1179 411 1242 siam
429 1177 633 1243 construxit.

500 1352 551 1417 De
567 1359 662 1418 morto
673 1351 791 1417 Pasdae
805 1351 885 1438 repis
901 1352 1103 1418 Marcium.

164 1494 274 1536 anos.
375 1475 483 1542 Anno
513 1478 635 1560 gratiae
667 1493 773 1542 ucnv.
805 1476 927 1541 Penda
960 1496 1023 1541 rex
1054 1475 1276 1555 Merciornm,

321 1578 466 1663 jubente
484 1576 707 1642 Cadwallone
724 1577 905 1641 Britonum
926 1596 1020 1658 rege,
1034 1577 1275 1642 innumerabili

326 1679 482 1743 exercitu
504 1679 649 1743 collecto
667 1676 1022 1742 Nortbanbumbriam
1039 1677 1174 1760 petivit.
1227 1675 1276 1743 At

326 1772 483 1842 ²0swius
508 1798 570 1842 rex
598 1778 805 1843 necessitate
832 1776 1031 1859 compulsus
1064 1778 1223 1859 promisit
1243 1779 1276 1842 ei

326 1878 471 1943 donaria
496 1878 608 1942 multa
636 1885 672 1942 et
701 1884 903 1942 ornamenta
931 1877 1064 1959 regalia
1089 1885 1141 1954 ut,
1173 1878 1276 1942 rebus

326 1979 458 2042 bellicis
475 1976 727 2061 praetermissis
742 1977 968 2042 amicabiliter
983 1977 1027 2041 ad
1045 1978 1186 2060 propria
1200 1979 1278 2041 red-

325 2078 411 2158 iret;
443 2097 591 2161 cumque
620 2078 678 2141 ille
704 2097 768 2141 nec
796 2077 909 2160 pretio
934 2097 998 2142 nec
1031 2078 1189 2160 precibus
1215 2079 1277 2141 ad·

327 2177 503 2260 quiescere
527 2177 644 2254 vellet,
668 2197 730 2241 rex
751 2177 796 2241 ad
822 2177 975 2241 divinum
997 2175 1153 2260 confugit
1175 2179 1276 2242 auxi-

327 2276 424 2354 lium,
438 2297 508 2359 quo
523 2278 567 2341 ab
588 2277 767 2360 impietate
782 2277 964 2341 barbarica
984 2283 1103 2359 posset
1125 2276 1276 2356 liberari,

327 2384 476 2460 votoque
505 2396 580 2441 sese
603 2377 775 2459 obligans,
805 2378 868 2454 ait,
891 2375 951 2440 ‘Si
977 2396 1135 2460 paganus
1166 2379 1278 2443 nescit

327 2484 447 2542 nostra
464 2477 618 2560 accipere
636 2477 792 2553 donaria,
814 2476 999 2540 offeramus
1021 2477 1065 2554 ei,
1083 2478 1142 2560 qui
1165 2478 1276 2556 novit,

327 2577 478 2642 Domino
496 2578 572 2642 Deo
590 2577 733 2641 nostr0.’
771 2576 882 2641 Vovit
896 2596 993 2658 ergo,
1009 2577 1104 2659 quia,
1121 2578 1152 2640 si
1167 2579 1279 2642 victor

327 2677 506 2755 existeret,
533 2677 640 2741 filiam
663 2695 762 2741 suam
786 2676 937 2740 Domino
962 2695 1063 2740 sacra
1075 2677 1276 2759 virginitate

327 2777 459 2841 dicaret
478 2777 580 2840 simul
596 2784 632 2841 et
648 2776 829 2840 duodecim
851 2776 1047 2841 mansiones
1069 2777 1276 2859 praediorum

327 2877 372 2941 ad
403 2877 637 2942 construenda
667 2877 889 2953 monasteria,
927 2883 963 2940 et
996 2876 1047 2940 sic
1079 2895 1188 2959 parvo
1216 2879 1278 2943 sti-

327 2983 430 3059 patus
448 2978 585 3059 agmine
603 2996 641 3041 se
663 2977 844 3041 certamini
864 2975 979 3055 dedit3
1004 2976 1152 3059 denique
1168 2978 1277 3043 fertur

327 3096 503 3159 paganum
534 3076 647 3141 trities
681 3076 847 3161 maj0rem
879 3076 1069 3140 exercitum
1102 3076 1277 3155 babuisse,

327 3177 573 3254 nam,ducibus
584 3177 728 3258 triginta
739 3176 783 3240 ad
800 3176 926 3240 bellum
936 3176 1119 3258 diligenter
1128 3179 1277 3244 instruc·

326 3275 384 3353 tis,
404 3275 544 3340 Oswius
561 3275 657 3339 solus
682 3295 759 3339 cum
781 3275 853 3340 filio
868 3273 1005 3341 Alfrido
1022 3275 1163 3342 Christo
1189 3280 1276 3345 duco

326 3395 523 3452 occurrenS,
547 3375 626 3438 illos
649 3375 785 3456 fugavit
807 3377 898 3440 etin
925 3376 1099 3459 sequendo
1119 3380 1277 3460 peremit.

326 3474 461 3540 Cecidit
479 3475 569 3539 inter
583 3483 728 3539 caeteros
742 3475 863 3539 Penda
879 3496 940 3539 rex
956 3477 1199 3559 nequissimus,
1217 3483 1277 3563 qui

324 3665 463 3727 appointed
480 3666 526 3715 ber
541 3666 667 3728 daughter
678 3666 792 3715 Mildred
816 3673 971 3717 mencemeut
987 3668 1016 3718 oi
1034 3669 1077 3718 the
1095 3672 1213 3737 building
1227 3676 1278 3725 tbis

323 3736 377 3783 first
389 3736 489 3785 abbess.
508 3737 572 3786 Dec.
585 3738 687 3797 Scriptt.
699 3741 741 3799 89,
749 3741 791 3787 90.
815 3744 957 3800 monastery
980 3739 1006 3788 in
1027 3739 1078 3788 this
1099 3756 1169 3803 year.
1213 3746 1277 3796 ltis

322 3804 385 3853 This
409 3806 491 3868 abbey
511 3821 566 3855 was
584 3806 681 3856 burned
698 3807 733 3868 by
748 3807 790 3855 the
815 3809 872 3857 said
890 3813 916 3857 to
933 3808 997 3859 bave
1012 3810 1075 3858 been
1091 3811 1225 3876 destroyed
1243 3818 1276 3878 by

324 3875 412 3923 Dares
436 3877 462 3924 in
484 3881 542 3926 988.
587 3876 697 3938 Hasted‚
719 3877 790 3927 Hist.
815 3878 857 3927 the
879 3879 977 3940 Dares,
1003 3884 1061 3930 870.
1110 3882 1217 3948 Leland,
1243 3902 1275 3937 ex

323 3946 401 4007 Kent,
413 3946 448 3996 iv.
461 3962 487 4009 p.
499 3951 556 3997 295.
815 3947 933 3999 Chrouie.
953 3949 1016 3999 Fau.
1035 3950 1111 4001 Neot.
1130 3953 1236 4007 Collect.
1246 3957 1275 4008 ii.

813 4033 839 4080 p.
851 4021 909 4068 214.
942 4019 990 4068 See
1002 4020 1029 4068 S.
1042 4020 1177 4084 Botulpb’s
1187 4026 1232 4076 lite
1248 4029 1274 4075 in

357 4082 365 4114 ¹
376 4084 538 4148 Hieronica]
550 4084 696 4134 Icanboeor
705 4086 789 4135 Ycan-
813 4088 956 4150 Capgrave,
967 4089 1010 4139 fol.
1021 4090 1077 4141 xlii.

322 4156 402 4215 no,in
415 4156 598 4204 Lineolnshire.
632 4155 686 4204 The
704 4157 788 4205 Saron
849 4157 971 4208 'oswius
987 4175 1033 4208 rex
1052 4163 1194 4215 serenante
1211 4181 1274 4216 m·

322 4224 418 4277 Chrou.
434 4227 489 4277 also
507 4226 601 4289 speaks
618 4225 647 4275 os
661 4226 703 4276 the
720 4241 788 4276 com·
811 4229 917 4293 pulsus]
934 4230 982 4280 See
994 4230 1076 4296 Beda,
1086 4229 1099 4298 §
1110 4236 1167 4284 221.
