2888 4852
190 2989 287 3039 Raptim
295 2989 320 3028 of

188 3041 296 3078 Guthrum

189 3090 242 3139 king
250 3091 274 3129 of
281 3090 317 3129 the

190 3140 260 3180 Danaa
266 3152 272 3186 ς

349 418 415 486 332
610 433 743 493 nocam
768 435 815 480 nn
839 434 1045 484 wasnovna

350 593 500 657 dictione
521 592 565 656 ad
589 592 749 668 insulam,
775 590 818 654 de
840 611 911 673 qua
927 611 1088 674 egressus
1106 593 1230 669 fuerat,
1246 603 1302 656 est

351 711 521 757 reversus.
574 691 688 755 Nocte
702 692 810 773 igitur
833 693 1108 774 superveniente,
1122 712 1200 755 cum
1218 691 1299 755 dor·

350 793 452 856 miret
468 791 503 855 in
521 797 634 855 stratu
659 811 734 867 suo,
758 790 895 854 adstitit
921 792 953 854 ei
978 792 1014 854 in
1031 792 1162 855 visione
1187 792 1301 855 noctis

350 893 493 955 sanctus
524 892 669 955 antistes
697 888 920 967 cuthbertus,
945 891 1005 972 qui
1031 891 1097 954 sibi
1120 891 1174 954 sui
1201 891 1301 972 regni

349 990 600 1054 restitutionem
633 996 763 1054 certam
797 989 1003 1071 repromisit.
1056 990 1138 1072 lpse
1161 1009 1301 1073 quoque

351 1109 425 1166 rex,
456 1097 576 1172 aperto
604 1088 670 1152 viri
697 1088 764 1152 Dei
793 1087 1009 1153 confortatus
1038 1089 1191 1166 oraculo,
1219 1109 1297 1152 cum

352 1208 453 1252 mane
477 1189 697 1264 surrexisset,
722 1187 898 1270 pollicitus
925 1196 978 1252 est
1002 1189 1079 1253 Deo
1101 1208 1139 1252 se
1162 1189 1198 1252 in
1222 1188 1299 1252 loco

350 1288 427 1380 ipso
464 1288 710 1380 monasterium
746 1294 1036 1379 constructurum,
1068 1289 1128 1369 qui
1164 1307 1299 1370 semper

351 1387 511 1469 deinceps
536 1387 695 1451 hostibus
720 1386 928 1450 invincibilis
951 1395 986 1451 et
1004 1382 1166 1451 terribilis
1190 1407 1299 1469 appa·

351 1477 477 1572 rebat}
502 1505 581 1549 nam
607 1485 727 1548 eadem
749 1485 834 1549 hora
854 1485 1089 1549 convenerunt
1112 1486 1155 1548 ad
1182 1506 1297 1568 regom

350 1604 471 1651 omnes
510 1587 637 1648 milites
675 1584 751 1667 ejus
789 1603 867 1647 cum
906 1577 1222 1648 Sumersetensibus
1262 1595 1297 1649 et

350 1685 626 1751 Wiltonensibus
653 1683 744 1765 apud
770 1682 999 1765 Ethelingeie,
1022 1704 1166 1766 quorum
1190 1684 1298 1748 fretus

350 1784 482 1848 auxilio
513 1802 670 1865 paganos
698 1783 805 1865 coepit
830 1783 1091 1864 infatigabiliter
1116 1784 1295 1848 debellare.

350 1883 505 1946 Tandem
530 1903 592 1946 rex
611 1881 784 1958 Alsredus,
811 1882 962 1946 instante
986 1890 1108 1946 sancta
1136 1884 1297 1946 solemni-

351 1990 424 2047 tate
441 1983 677 2058 Pentecostes,
692 1983 737 2045 ab
750 1982 865 2045 insula
887 2001 1080 2063 erumpens,
1095 1983 1139 2045 ad
1156 1982 1297 2046 Petram

342 2082 506 2165 Egberti,
530 2101 608 2164 quae
636 2089 689 2145 est
716 2083 752 2144 in
776 2080 935 2145 orientali
959 2090 1058 2164 parte
1080 2081 1191 2158 silvae,
1219 2102 1298 2165 quae

340 2181 509 2245 ¹Salwode
524 2182 661 2257 dicitur,
685 2182 866 2264 equitavit.
920 2180 975 2243 Ibi
993 2200 1129 2263 quoque
1149 2182 1298 2246 conflue·

350 2281 435 2345 bant
450 2280 492 2344 ad
511 2300 589 2344 eum
607 2300 738 2357 omnes,
755 2281 815 2362 qui
831 2274 882 2341 ¹in
900 2279 969 2343 illis
984 2280 1110 2345 finibus
1126 2301 1298 2346 remanse-

350 2388 441 2458 rant,
452 2381 633 2462 [immenso
644 2379 771 2461 gaudio
787 2379 921 2461 repleti,
932 2380 1023 2462 quod
1039 2400 1154 2462 regem
1165 2381 1297 2444 incolu-

345 2499 440 2542 mem
457 2479 686 2561 recepissent;
709 2497 810 2542 mane
834 2486 949 2544 autem
970 2488 1085 2544 castra
1107 2489 1298 2558 moventes,

350 2579 496 2642 duorum
522 2598 659 2642 emenso
684 2578 807 2642 itinere
836 2579 980 2655 dierum,
1007 2572 1069 2643 ²ad
1092 2580 1216 2657 locum,
1239 2581 1297 2661 qui

341 2677 557 2742 *Ethendune
570 2677 706 2754 dicitur,
723 2687 966 2760 pervenerunt.

453 2854 563 2938 Gptro,
578 2876 632 2918 rac
640 2874 799 2939 poponus,
808 2854 905 2938 fidem
921 2854 1038 2918 Christi
1052 2856 1190 2939 suscepit.

403 2977 614 3041 Invenerunt
635 2985 751 3041 autem
776 2979 824 3041 ibi
839 2971 851 3007 ³
858 2975 1061 3060 Gytroncm,
1083 2998 1298 3061 paganorum

351 3097 478 3158 regem,
494 3085 529 3139 et
543 3076 732 3140 exercitum
747 3076 822 3159 ejus
834 3077 1043 3154 universum,
1061 3086 1181 3141 contra
1197 3098 1298 3159 quem

338 3177 515 3240 atrociter
530 3184 566 3239 et
588 3177 674 3240 satis
689 3176 842 3240 animose
857 3177 1083 3253 decertantes,
1106 3178 1223 3240 divina
1240 3197 1298 3240 co-

351 3283 516 3358 operante
533 3276 728 3352 elementia,
742 3276 923 3340 victoriam
946 3284 1178 3359 reportarunt,
1194 3284 1299 3359 atque

381 3518 388 3548 ¹
406 3519 437 3566 Iu
455 3519 507 3566 illis
517 3517 614 3582 finibus
627 3512 813 3586 resumerent]
876 3515 938 3568 ‘Aa
959 3520 1044 3581 boam,
1065 3521 1108 3582 qui
1129 3521 1302 3586 Erbentium]

350 3587 403 3636 'l'he
415 3589 570 3648 manuscript
587 3589 610 3634 is
625 3587 812 3647 nnfortunately
839 3588 892 3637 The
914 3590 998 3637 Saxon
1028 3589 1121 3639 Chron.
1149 3591 1199 3639 and
1222 3593 1302 3642 Aeser

351 3658 482 3718 imperfect
499 3657 561 3705 from
584 3657 635 3705 this
656 3658 727 3717 point
750 3658 813 3705 until
839 3663 903 3706 state
926 3658 979 3707 that
1003 3659 1033 3707 he
1056 3660 1110 3708 first
1131 3662 1248 3709 murchad
1274 3668 1300 3711 to

351 3727 442 3776 almost
460 3727 501 3775 the
521 3726 570 3775 end
586 3726 615 3774 of
629 3725 671 3773 the
682 3741 744 3786 year
754 3731 811 3776 894.
839 3728 954 3789 AEcgley,
964 3743 992 3776 or
1003 3729 1174 3790 lgley,called
1188 3731 1300 3792 bySpel·

349 3797 404 3845 'l'he
422 3802 476 3846 text
494 3797 523 3845 of
537 3795 662 3845 Matthew
680 3796 710 3845 of
728 3797 812 3845 West·
837 3812 894 3845 man
922 3798 1053 3859 ‘Okely,’
1079 3800 1129 3847 and
1157 3799 1245 3849 thence
1273 3807 1300 3850 to

350 3868 453 3916 minster
472 3868 494 3915 is
513 3865 635 3914 therefore
653 3866 766 3914 retained
782 3882 811 3914 ne
838 3867 998 3929 Ethendune,
1009 3870 1042 3928 by
1054 3867 1138 3917 which
1151 3870 1226 3918 Certe
1238 3886 1300 3932 sup-

350 3939 371 3985 it
387 3939 410 3986 is
426 3938 504 3985 found
522 3937 548 3983 in
564 3936 606 3983 the
618 3935 748 3984 Francfort
759 3937 811 3984 edi·
836 3952 910 3998 poses
926 3942 951 3985 to
969 3938 1000 3986 be
1018 3939 1135 3987 intended
1149 3939 1299 4002 l'attendon,

348 4006 401 4056 tion
422 4007 451 4056 of
466 4011 537 4065 1001,
559 4004 666 4054 collated
690 4007 715 4053 in
739 4021 811 4055 cases
836 4008 861 4054 in
875 4007 1082 4067 Berkehire5see
1094 4009 1163 4057 Hist.
1176 4009 1193 4057 i.
1206 4024 1231 4070 p.
1241 4015 1299 4072 ³0⁰,

348 4076 378 4126 of
393 4092 442 4138 any
454 4075 570 4125 doubtful
588 4074 705 4137 readings
717 4075 778 4123 with
795 4091 811 4124 a
835 4081 897 4126 note.

348 4162 409 4208 very
421 4147 538 4196 valuable
556 4145 606 4194 and
621 4146 691 4206 early
710 4146 767 4194 MS.
785 4146 810 4193 in
869 4141 1047 4214 ⁸Gytroacm.]
1061 4144 1204 4210 ‘Gytrum,'
1216 4148 1299 4199 Laud.

349 4216 390 4266 the
401 4218 524 4266 Bodleian
535 4216 628 4276 library
639 4232 646 4275 ;
658 4216 741 4279 Laud,
752 4219 809 4266 572.
836 4215 892 4266 MS.
