2888 4852
390 427 529 475 neonus
557 428 825 475 rusronrauuu.
1015 412 1081 478 351

132 585 225 647 cives
242 592 343 648 tanta
365 585 476 648 classe
498 604 713 667 paganorum
735 584 909 666 perterriti
928 604 1082 666 propug-

134 683 260 747 nacula
282 704 457 747 murorum
484 684 614 767 clypcis
637 685 796 747 muniunt
818 692 853 748 et
870 683 1011 767 jaculis,
1031 692 1084 747 at-

134 801 201 863 que
222 783 427 865 semctipsos
451 782 495 847 ad
518 782 745 845 resistendum
768 781 970 861 hortantur3
997 801 1083 865 quo·

136 901 212 944 rum
229 881 410 945 audaciam
428 881 622 944 Hasteinus
638 889 678 944 ut
694 881 873 963 comperit,
886 880 980 943 omni
995 882 1084 957 nisu,

134 1000 203 1063 quo
227 988 330 1064 pacto
353 999 428 1044 eam
446 987 566 1063 posset
581 981 748 1057 obtinere,
763 980 923 1044 tentavit.
976 980 1084 1044 Deni-

136 1099 203 1161 que
218 1081 379 1161 episcopo
392 1079 544 1143 civitatis
560 1085 595 1142 et
609 1080 726 1142 comiti
740 1098 803 1161 per
812 1079 988 1142 ministros
1002 1098 1085 1143 suos

136 1178 316 1243 mandavit
337 1198 375 1241 se
400 1177 520 1242 lethali
543 1197 700 1260 pressum
722 1179 901 1260 languore,
926 1186 962 1242 et
984 1198 1021 1242 se
1041 1179 1086 1241 ab

137 1278 187 1340 eis
211 1277 446 1342 Christianum
472 1276 547 1341 fieri
569 1276 745 1341 humiliter
770 1277 1005 1359 supplicavit;
1032 1276 1087 1340 his

137 1377 322 1459 episcopus
344 1385 379 1441 et
400 1396 515 1441 comes
531 1376 672 1452 auditis,
688 1375 815 1457 gaudio
838 1394 964 1456 magno
986 1375 1086 1440 exhi·

137 1476 241 1540 larati
272 1495 393 1559 pacem
415 1476 556 1539 firmant
581 1495 660 1538 cum
688 1475 784 1556 pacis
812 1474 963 1551 inimico,
985 1483 1021 1539 et
1047 1475 1087 1538 fit

137 1574 277 1657 utrique
292 1574 421 1658 populo
436 1575 626 1639 communis
644 1574 739 1637 urbis
754 1575 939 1655 ingressus.
990 1573 1087 1637 Tan·

137 1673 213 1738 dem
240 1675 380 1756 iniquus
403 1674 461 1738 ille
481 1673 675 1738 Hasteinus
698 1673 742 1737 ad
766 1672 947 1736 ecclesiam
967 1672 1088 1749 fertur,

138 1792 238 1837 sacro
263 1774 358 1838 fonte
384 1774 610 1855 immergitur,
634 1793 734 1856 quem
759 1773 795 1837 in
823 1773 877 1836 sui
902 1771 1089 1854 perniciem

140 1872 323 1955 episcopus
348 1882 384 1937 et
405 1890 520 1937 comos
546 1872 588 1936 de
611 1873 752 1936 lavacro
775 1879 1013 1955 susceperunt,
1035 1873 1089 1935 in·

140 1972 251 2055 deque
278 1972 512 2036 ministrorum
541 1972 700 2034 manibus
732 1971 777 2034 ad
805 1990 912 2036 naves
942 1971 1090 2036 refertur

140 2079 263 2136 sancto
290 2071 475 2136 chrismate
498 2071 683 2134 delibutus.
735 2069 823 2135 Post
850 2070 936 2148 haec,
966 2070 1089 2134 intem·

140 2179 250 2253 pestae
273 2172 384 2236 noctis
408 2170 520 2234 medio
546 2170 711 2234 loricatus
733 2170 770 2233 in
792 2169 918 2234 feretro
940 2170 1091 2234 colloca·

141 2276 212 2347 tur,
227 2270 375 2334 innuens
398 2270 502 2334 sociis
527 2277 568 2333 ut
589 2288 671 2333 suas
693 2271 758 2332 sub
779 2268 906 2333 tunicis
921 2270 1092 2334 vestirent

142 2368 293 2448 loricas3
327 2369 450 2433 deinde
478 2388 556 2432 cum
581 2369 676 2432 luctu
703 2368 865 2433 simulato
887 2368 1091 2433 commilito·

142 2488 224 2531 num
242 2468 287 2531 ad
301 2469 482 2532 ecclesiam
498 2468 541 2531 de
558 2469 640 2531 navi
654 2466 805 2545 effertur,
823 2469 931 2532 sacris
946 2468 1092 2533 antistes

142 2567 352 2631 indumentis
386 2574 530 2632 ornatur
560 2574 818 2631 sacrosanctam
842 2587 905 2650 pro
928 2567 1092 2631 defuncto

144 2666 294 2730 hostiam
318 2673 534 2731 mactaturus
550 2686 559 2745 ;
582 2666 642 2730 sed
659 2685 739 2730 ecce
756 2666 961 2742 Hasteinus,
977 2667 1093 2750 perdi·

144 2765 249 2829 tionis
265 2766 369 2843 filius,
384 2766 427 2830 de
443 2765 569 2830 feretro
586 2772 727 2848 repente
744 2766 938 2848 prosiliens,
961 2766 1094 2848 episco

144 2884 226 2947 pum
249 2874 284 2930 et
309 2865 468 2930 comitem
493 2864 609 2946 gladio
632 2864 863 2941 detruncavit,
885 2864 1009 2928 dehinc
1040 2865 1095 2928 lu·

144 2965 228 3046 pina
252 2965 348 3028 rabie
370 2983 448 3027 cum
470 2964 543 3027 suis
565 2971 747 3046 grassatur
771 2956 807 3027 in
829 2964 951 3046 plebe3
982 2963 1036 3026 his
1057 2964 1093 3027 in

145 3063 237 3127 huno
260 3062 400 3127 modum
424 3082 446 3126 a
470 3064 610 3127 funesto
640 3063 861 3146 perpetratis,
886 3062 1097 3146 jugulantur

141 3162 302 3246 juvenes,
313 3162 532 3226 trucidantur
543 3181 656 3238 senes,
672 3162 904 3244 depopulatur
918 3162 1056 3239 civitas,
1074 3180 1097 3225 a

146 3260 377 3325 fundamentis
399 3261 528 3326 moenia
550 3261 809 3325 subvertuntur.
862 3259 1011 3325 Peracta
1032 3260 1094 3344 igi-

148 3368 204 3424 tur
221 3361 316 3424 urbis
331 3361 566 3437 subversione,
583 3360 777 3424 Hasteiuus
795 3358 959 3425 Carolum
976 3380 1095 3442 regem

149 3459 361 3524 Francorum
385 3459 482 3536 adiit,
500 3467 536 3523 et
557 3479 677 3542 pacem
700 3461 744 3522 ab
764 3479 805 3524 eo
827 3458 1009 3542 postulans
1032 3461 1096 3523 im·

147 3559 300 3641 patravit
321 3558 482 3641 deditque
506 3559 558 3622 illi
581 3578 645 3642 pro
672 3558 845 3642 stipendio
869 3559 989 3623 urbem
1009 3556 1096 3624 Car·

148 3666 338 3735 notensem,
362 3665 398 3722 et
418 3659 469 3722 sic
487 3657 605 3721 Gallia
627 3676 649 3721 a
671 3658 880 3722 tumultuum
902 3657 1097 3740 fragoribus

148 3757 360 3839 aliquamdiu
382 3758 579 3841 respiravit.
632 3756 722 3822 Haeo
738 3763 854 3821 autem
871 3757 949 3821 ideo
973 3755 1039 3820 hoo
1062 3757 1099 3820 in

147 3855 224 3920 loco
252 3856 408 3934 recitavi,
433 3876 476 3921 ne
501 3857 579 3941 quis
610 3857 721 3921 solam
748 3855 912 3939 Angliam
944 3855 1100 3919 crederet

148 3954 214 4020 hac
230 3956 367 4020 Danica
380 3957 619 4038 persecutione
633 3955 784 4040 fatigari.
