2888 4852
318 406 404 468 xxvi
709 422 880 470 rnnrncn.

207 627 212 638 .
261 624 268 638 .
320 581 415 643 brevi
432 579 548 661 pelagi
571 581 706 663 spatiis,
721 582 832 663 optati
857 581 983 645 littoris
1000 580 1114 661 quiete
1128 578 1267 660 potiun-

319 689 388 743 tur.
434 673 607 743 ¹Collecta
621 681 740 762 itaque
756 680 846 762 apud
864 680 1100 744 verolamium
1119 677 1264 760 synodo,

319 780 487 842 immensa
508 779 693 843 multitudo
715 782 819 843 etiam
845 799 922 843 cnm
948 779 1154 862 conjugibus
1174 783 1209 840 et
1226 776 1267 839 li·

320 880 410 942 beris
428 879 509 942 illuc
525 880 679 941 excitata
695 886 913 943 convenerat.
960 878 1092 941 Aderat
1105 876 1266 959 populus,

320 987 544 1060 exspectatur
571 978 707 1041 iuturus
733 986 769 1042 et
788 979 912 1062 judex,
941 978 1126 1041 adstabant
1148 985 1264 1058 partes

320 1078 450 1159 dispari
475 1077 671 1142 conditione
700 1078 906 1153 consimiles,
927 1077 1005 1140 inde
1029 1076 1148 1140 divina
1168 1075 1264 1153 fides,

320 1176 398 1240 binc
430 1177 578 1240 hnmana
610 1178 846 1260 praesumptio,
874 1177 953 1240 inde
981 1177 1153 1258 superbia,
1184 1175 1264 1239 binc

321 1276 491 1353 Christus,
509 1277 588 1340 inde
609 1276 773 1358 Pelagius
800 1285 921 1340 auctor
942 1277 1136 1359 pravitatis.
1189 1274 1264 1338 Pri-

320 1396 376 1439 mo
400 1377 435 1439 in
454 1376 530 1440 loco
552 1378 741 1441 beatissimi
767 1375 964 1440 sacerdotes
988 1376 1122 1458 copiam
1148 1374 1266 1458 dispu-

320 1476 417 1539 tandi
441 1475 647 1540 adversariis
671 1478 903 1559 praebuerunt,
925 1476 984 1558 qui
1008 1475 1084 1538 sola
1109 1475 1264 1539 nuditate

321 1577 500 1640 verborum
521 1577 579 1639 diu
598 1576 747 1641 inaniter
766 1586 801 1641 et
819 1596 919 1640 aures
940 1583 1110 1657 occupant
1129 1584 1164 1639 et
1179 1582 1264 1639 tem·

320 1694 417 1758 pora.
470 1677 605 1740 Deinde
622 1678 795 1741 antistites
811 1675 996 1740 venerandi
1011 1684 1182 1739 torrentes
1194 1675 1265 1739 elo-

319 1775 393 1857 quii
421 1776 487 1852 sui,
516 1795 594 1839 cnm
627 1776 828 1858 apostolicis
850 1785 885 1840 et
910 1774 1118 1856 evangelicis
1150 1776 1266 1838 imbri·

320 1875 397 1951 bus,
428 1874 661 1956 perfuderunt.
716 1875 930 1941 Miscebatur
962 1894 1075 1938 sermo
1106 1876 1264 1957 proprius

319 1993 397 2038 cum
422 1974 551 2051 divino,
572 1986 608 2038 et
628 1976 836 2039 assertiones
861 1974 1130 2040 modestissimas
1149 1974 1265 2038 lectio-

321 2092 400 2136 num
421 2075 617 2138 testimonia
634 2076 877 2157 sequebantur.
931 2074 1156 2138 Convincitur
1169 2075 1266 2138 vani-

320 2182 384 2247 tas,
404 2174 547 2254 pertidia
564 2174 774 2251 confutatur,
792 2176 842 2238 ita
859 2183 897 2238 ut
914 2175 955 2238 ad
974 2175 1129 2255 singulas
1145 2176 1264 2239 verbo·

320 2291 393 2334 rum
418 2273 629 2355 objectiones
653 2293 787 2337 errasse
811 2294 860 2351 se,
880 2274 960 2337 dnm
987 2275 1104 2355 nequit
1123 2293 1264 2356 respon-

320 2370 562 2448 dere,iatetnr.
591 2372 747 2455 Populus
760 2375 889 2437 arbiter
899 2373 958 2438 vix
967 2392 1089 2436 manus
1100 2373 1265 2452 continet,

314 2471 483 2554 judicium
500 2493 577 2536 cum
595 2472 743 2537 clamore
759 2480 918 2537 testatur.
965 2473 1051 2537 Post
1067 2473 1156 2537 hunc
1174 2473 1263 2536 diem

318 2571 369 2633 ita
384 2591 427 2634 ex
445 2573 567 2635 animis
584 2574 735 2635 omnium
752 2573 867 2636 suasio
882 2573 1000 2655 iniqua
1015 2573 1129 2636 deleta
1143 2581 1207 2649 est,
1226 2581 1265 2637 nt

319 2669 535 2734 sacerdotnm
552 2670 741 2735 doctrinam
759 2674 954 2736 sitientibus
965 2672 1142 2736 desideriis
1155 2680 1264 2737 secta-

320 2776 449 2832 rentur.
503 2771 709 2853 Compressa
731 2773 849 2854 itaque
872 2772 1098 2854 perversitate
1123 2772 1262 2837 damna-

320 2868 392 2943 bili,
414 2869 558 2953 ejusque
582 2873 780 2935 auctoribus
799 2872 996 2946 confutatis,
1016 2881 1122 2955 atque
1140 2875 1263 2937 animis

319 2969 470 3032 omnium
487 2970 564 3033 fidei
582 2972 732 3052 puritate
747 2973 957 3054 compositis.
972 2973 1169 3036 sacerdotes
1186 2973 1266 3036 bee-

320 3075 391 3130 tum
410 3066 583 3132 Albanum
605 3079 802 3153 martyrem,
820 3073 953 3135 auctori
974 3072 1048 3136 lieo
1071 3092 1132 3154 per
1152 3072 1263 3154 ipsum

319 3168 451 3247 gratias
481 3170 603 3243 acturi,
635 3173 833 3251 petierunt;
868 3172 926 3234 ubi
957 3171 1165 3247 Germanus
1193 3192 1264 3234 om·

319 3267 413 3329 nium
439 3268 675 3349 apostolorum
698 3268 978 3353 diversorumque
1000 3279 1188 3354 martyrum
1211 3291 1265 3336 se·

318 3384 396 3428 cum
409 3366 573 3448 reliquias
588 3366 730 3445 habens,
744 3369 837 3434 facta
851 3373 1017 3446 oratione,
1026 3372 1133 3455 jussit
1146 3372 1264 3435 revelli

317 3466 549 3546 sepulchrum,
567 3468 719 3548 pretiosa
738 3470 863 3533 ibidem
888 3490 1030 3534 munera
1052 3471 1265 3549 conditurus,

318 3565 490 3628 arbitrans
511 3575 754 3649 opportunum,
772 3578 811 3633 ut
828 3572 981 3634 membra
1000 3579 1195 3634 sanctorum
1218 3593 1262 3636 ex

317 3662 462 3728 diversis
488 3667 686 3747 regionibus
709 3669 867 3745 collecta,
890 3690 977 3751 quos
1004 3688 1105 3752 pares
1133 3672 1264 3735 meritis

317 3773 495 3847 receperat
511 3767 646 3844 caelum,
664 3769 836 3850 sepulchri
853 3790 991 3853 qnoque
1014 3770 1116 3833 unius
1131 3777 1265 3836 teneret

318 3861 515 3946 hospitium.
569 3866 704 3946 Quibus
725 3869 891 3951 depositis
912 3870 1097 3934 honorifice
1116 3890 1157 3935 ac
1176 3873 1264 3935 soci-

350 4061 358 4093 ¹
370 4066 474 4114 collecto
487 4066 567 4128 itaque
580 4102 586 4114 .
600 4101 606 4113 .
622 4103 627 4114 .
640 4068 749 4131 synoda]
767 4068 926 4132 Conceming
938 4071 988 4119 thie
1000 4071 1080 4133 synod
1092 4087 1135 4120 see
1145 4072 1264 4134 wilkins,

318 4133 416 4184 Concil.
428 4142 487 4184 torn.
500 4137 517 4183 i.
531 4152 555 4196 p.
570 4140 593 4189 l.
605 4141 667 4186 trote.
