2888 4852
353 400 419 465 146
492 400 495 405 ‘
605 413 740 462 nocant
765 414 812 460 nn
836 413 1045 461 wnnnovnn

303 636 308 646 ,
356 579 489 655 martyr
506 572 574 636 Dei
597 571 783 652 gloriosus,
801 590 879 635 cnm
907 570 951 634 ab
979 569 1091 634 amico
1118 570 1211 635 sicut
1233 570 1312 634 Sal-

359 680 461 739 vator
486 692 508 735 a
530 671 700 754 discipulo
715 669 923 746 traderetur,
939 690 1003 753 pro
1021 670 1135 753 patria
1152 677 1187 735 et
1208 679 1315 752 gente

360 773 500 857 propria
516 791 592 836 sese
613 772 715 835 morti
734 771 873 847 obtulit,
891 772 1088 834 memoriter
1101 769 1144 834 ad
1161 778 1313 834 mentem

362 873 528 936 reducens
553 872 761 935 sententiam
785 871 990 947 Salvatoris,
1017 869 1076 953 qui
1098 870 1195 947 dicit,
1208 876 1218 905 ‘
1233 870 1315 933 Ma-

360 973 474 1058 jorem
499 973 679 1036 caritatem
704 990 805 1035 nemo
836 970 953 1048 habet,
978 989 1083 1053 quam
1104 976 1144 1034 ut
1164 973 1316 1034 animam

364 1091 463 1137 suam
487 1078 596 1155 ponat
612 1072 689 1154 quis
711 1091 774 1154 pro
797 1072 917 1134 amicis
937 1071 1009 1134 suis
1021 1070 1042 1150 ;'
1065 1069 1156 1134 unde
1172 1069 1315 1134 dubium

364 1192 434 1236 non
451 1180 517 1249 est,
534 1173 617 1254 quin
640 1173 730 1235 bona
747 1172 821 1234 vita
843 1170 948 1235 talem
965 1170 1067 1234 finem
1087 1171 1318 1253 praecesserit,

366 1273 539 1355 praecipue
567 1292 645 1335 cnm
674 1290 775 1336 nemo
799 1278 939 1354 repente
964 1269 1133 1335 efficiatur
1151 1290 1317 1334 summus.

234 1402 266 1432 ιο
367 1372 454 1435 Erat
470 1372 561 1435 enim
579 1391 601 1435 a
614 1372 780 1454 primaeva
798 1379 914 1449 aetate,
931 1379 971 1434 ut
992 1371 1151 1453 superius
1167 1371 1316 1435 relatum

203 1453 278 1483 ’Μ’
367 1479 433 1549 cst,
465 1470 672 1535 Christianae
705 1470 883 1552 religionis
917 1470 1032 1535 cultor
1062 1471 1318 1548 veracissimus,

367 1579 503 1636 statura
525 1590 701 1654 procems,
718 1571 847 1636 virtute
871 1578 1045 1647 strennus,
1063 1571 1163 1635 vultu
1185 1571 1320 1653 angeli-

369 1691 443 1748 cue,
462 1671 574 1736 civilis
588 1672 754 1746 moribus,
776 1670 920 1735 consilio
941 1689 1101 1753 magnus,
1115 1670 1241 1734 affectu
1258 1671 1318 1755 jo·

368 1771 514 1849 cundns,
530 1790 636 1834 manu
653 1771 784 1853 largus,
806 1773 843 1835 in
863 1789 984 1834 mensa
998 1769 1146 1848 sobrius,
1168 1771 1205 1834 in
1227 1771 1319 1835 lecto

369 1871 528 1954 pudicus,
545 1871 693 1935 affabilis
715 1872 886 1948 omnibus,
902 1871 1118 1953 experientia
1131 1870 1319 1952 piissimus,

369 1978 475 2054 atque
496 1972 586 2035 inter
607 1989 777 2054 pauperes
800 1978 835 2035 et
856 1970 981 2035 divites
1003 1970 1091 2033 adeo
1113 1970 1259 2048 medius,
1280 1978 1322 2034 ut

370 2089 539 2154 pauperes
567 2071 665 2134 illum
692 2071 793 2154 quasi
820 2089 938 2153 parem
972 2071 1177 2153 aspicerent,
1203 2089 1246 2134 ac
1267 2070 1321 2134 di-

371 2171 460 2234 vites
477 2178 516 2233 ut
537 2169 712 2233 dominum
731 2176 766 2234 et
779 2171 991 2253 superiorem
1017 2169 1205 2250 haberent;
1229 2170 1321 2235 unde

370 2271 528 2350 contigit,
554 2277 594 2332 ut
615 2271 659 2333 ob
676 2256 812 2351 ¹regalis
834 2270 940 2333 animi
962 2270 1176 2347 civilitatem,
1201 2290 1322 2335 omnes

371 2369 416 2432 ad
431 2369 529 2432 illum
543 2376 785 2434 concurrerent
799 2389 840 2433 ac
852 2369 1048 2451 diligerent,
1062 2378 1102 2434 nt
1114 2370 1210 2452 regio
1222 2370 1322 2434 sche-

264 2475 266 2478 ’
373 2478 466 2533 mate
485 2468 624 2546 eruditi,
647 2470 684 2532 in
708 2470 860 2533 faciebus
884 2470 1030 2534 aliorum
1062 2469 1234 2534 doctiores
1258 2490 1323 2555 ap·

374 2575 547 2651 parerent.
609 2570 664 2633 De
694 2570 887 2634 humilitate
920 2588 1057 2652 quoque
1085 2570 1207 2653 ipsius,
1240 2589 1321 2652 quae

373 2675 491 2732 custos
507 2669 674 2733 virtutum
697 2670 835 2746 dicitnr,
858 2689 927 2733 non
952 2678 1006 2733 est
1027 2670 1222 2747 tacendum,
1237 2671 1323 2753 quia

374 2768 592 2831 universitati
616 2788 688 2831 suae
710 2770 923 2855 posteritatis
943 2769 1162 2852 potissimum
1181 2771 1323 2853 reliquit

374 2868 569 2951 exemplum
583 2888 593 2947 3
616 2868 808 2933 donaverat
822 2888 971 2951 namque
989 2863 1140 2934 ¹Aidano
1157 2871 1321 2956 episcopo

373 2987 498 3051 equum
523 2969 713 3050 pretiosum
729 2977 765 3032 et
780 2969 959 3051 optimum,
976 2969 1013 3032 in
1027 2989 1097 3051 quo
1113 2970 1183 3047 ille,
1197 2989 1321 3053 qnam·

374 3068 427 3131 vis
452 3067 557 3150 pedes
579 3068 737 3133 incedere
765 3068 901 3145 solitus,
927 3068 982 3133 vel
1014 3070 1165 3133 amnium
1191 3070 1324 3135 fluenta

374 3168 533 3244 transire,
557 3167 612 3231 vel
638 3169 730 3232 viam
757 3169 963 3233 necessitate
987 3177 1135 3251 cogente
1159 3170 1324 3254 expedire

373 3274 502 3349 posset.
556 3266 632 3330 Nec
660 3269 768 3332 multo
796 3275 888 3350 post,
913 3288 991 3332 cum
1023 3289 1156 3352 pauper
1180 3270 1325 3353 quidam

373 3367 536 3448 episcopo
564 3375 759 3431 occurreret
786 3368 1038 3452 eleemosynam
1068 3377 1202 3453 petenS,
1233 3369 1354 3434 desi-—

372 3464 459 3528 liens
479 3466 537 3529 ille
559 3467 725 3550 praecepit
747 3487 885 3550 equum,
902 3477 941 3533 ut
960 3478 1036 3533 erat
1052 3471 1216 3552 regaliter
1231 3478 1324 3535 stra·

373 3571 441 3641 tus,
457 3566 601 3647 pauperi
618 3566 713 3645 dari;
738 3574 812 3631 erat
830 3569 920 3632 enim
934 3568 1048 3633 cultor
1060 3589 1265 3653 pauperum,
1281 3590 1323 3635 ae

374 3663 467 3728 velut
485 3671 585 3747 pater
610 3667 834 3745 miserorum
862 3668 927 3732 hoc
951 3689 1029 3732 cum
1058 3671 1131 3752 regi
1154 3679 1247 3735 esset
1270 3691 1323 3734 re·

371 3762 493 3839 latum,
525 3764 662 3830 dicebat
694 3768 868 3850 episcopo,
893 3768 1064 3852 ‘thuid,
1091 3770 1228 3834 domine
1261 3772 1322 3848 mi,

372 3881 497 3945 equum
521 3865 666 3945 regium,
692 3887 794 3948 quem
824 3875 857 3931 te
887 3869 1117 3933 conveniebat
1142 3872 1322 3953 proprium

371 3961 510 4039 habere,
524 3967 666 4048 pauperi
685 3965 767 4030 dare
786 3967 954 4032 voluistil
1013 3969 1193 4053 Numquid
1217 3969 1323 4057 [non]

421 4206 557 4281 muana]
574 4213 626 4263 llis
637 4214 681 4263 lise
693 4214 715 4263 ir
727 4215 827 4276 printed
840 4215 866 4262 in
878 4215 921 4265 the
934 4217 1002 4267 Nov.
1015 4217 1130 4280 Legend.
1142 4218 1186 4270 sol.
1196 4222 1231 4273 iv.
1243 4222 1270 4272 b.
