2888 4852
284 400 350 463 494
538 415 670 463 uocum
697 415 742 460 nn
765 414 973 462 wnunovnu

286 573 506 637 humbrorum
530 572 705 648 defuncto,
732 592 795 635 rex
810 571 1023 637 Eadwardus
1038 570 1151 648 Tosti,
1168 571 1247 635 sra-

287 671 332 736 tri
347 671 445 736 ducis
467 672 628 749 Haroldi,
645 673 808 735 ducatum
826 672 902 755 ejus
923 672 1105 735 concessit.
1160 671 1246 735 Nec

287 771 396 836 multo
422 780 514 855 post,
538 791 600 836 rex
615 771 829 835 Eadwardus
847 771 884 834 in
906 770 1080 853 colloquio
1095 769 1244 834 Londo-

287 871 353 933 niis
373 871 493 936 habito
510 870 681 953 Algarum
696 871 856 934 comitem
874 864 937 933 ¹ab
952 869 1083 952 Anglia
1097 870 1246 932 exsula-

287 970 350 1045 vit,
377 971 437 1053 qui
459 990 541 1034 mox
567 969 772 1033 Hiberniam
795 977 928 1051 petens,
956 968 1146 1033 octodecim
1172 987 1243 1033 na·

286 1069 387 1132 vibus
402 1070 555 1151 piraticis
572 1068 767 1153 adquisitis,
777 1067 902 1152 juncto
917 1069 983 1132 sibi
994 1067 1140 1132 Griffino
1150 1067 1245 1132 Wa-

286 1168 444 1232 lanorum
468 1189 561 1250 rege,
575 1188 719 1250 regnum
736 1166 875 1249 Angliae
889 1167 1161 1251 depopulaturus
1182 1169 1244 1231 in·

287 1269 412 1347 travit3
447 1276 483 1332 et
512 1287 591 1332 cum
616 1267 753 1331 tandem
784 1266 1073 1331 Hereiordensem
1095 1268 1243 1349 provin·

288 1367 377 1430 ciam
400 1368 573 1432 hostiliter
588 1367 735 1431 fuissent
749 1366 910 1448 ingressi,
925 1367 1082 1432 obviavit
1097 1366 1147 1431 eis
1162 1365 1241 1431 dux

289 1465 509 1550 Ranulphus‚
537 1467 628 1549 regis
655 1466 839 1530 Eadwardi
868 1467 997 1530 sororis
1031 1465 1134 1546 iilius,
1157 1485 1242 1529 cum

288 1567 441 1630 exercitu
458 1566 585 1642 valido,
608 1565 668 1629 sed
692 1567 729 1628 in
751 1566 862 1648 primo
876 1565 1039 1629 conflictu
1055 1565 1146 1629 idem
1163 1565 1239 1628 Ra-

289 1665 439 1748 nulphus
464 1685 542 1729 cum
566 1665 638 1728 suis
660 1665 779 1746 fugam
804 1665 971 1746 arripuit;
1002 1665 1093 1747 quod
1118 1665 1241 1728 viden-

289 1772 342 1828 tes
358 1763 512 1847 Algarus
535 1772 571 1829 et
585 1762 751 1827 Griffinus
778 1765 924 1828 insecuti
949 1772 1031 1828 sunt
1050 1764 1167 1827 hostes
1181 1763 1240 1828 su·

288 1865 423 1945 gieutes
450 1872 486 1928 et
501 1864 709 1946 quingentos
736 1882 780 1926 ex
797 1863 847 1927 eis
868 1872 1097 1945 peremerunt,
1113 1870 1148 1926 ct
1162 1862 1239 1927 vic·

289 1964 413 2027 tor-iam
438 1963 555 2046 adepti
574 1961 863 2027 Heresordensem
886 1963 1034 2044 ingressi
1054 1969 1136 2025 sunt
1150 1962 1239 2026 civi-

289 2070 409 2138 tatem,
422 2063 493 2139 ubi,
501 2070 634 2145 septem
644 2061 819 2125 canonicis
834 2063 1033 2143 peremptis,
1043 2063 1104 2145 qui
1119 2062 1240 2125 cathe-

288 2161 395 2225 dralis
405 2162 558 2227 basilicae
567 2162 689 2226 valvas
704 2161 946 2238 defendebant,
961 2161 1141 2225 ecclesiam
1158 2181 1240 2224 cunr

289 2263 501 2325 ornamentis
531 2269 567 2325 et
600 2260 752 2342 reliquiis
779 2262 1052 2336 combusserunt,
1083 2269 1129 2337 et,
1161 2263 1241 2342 qui-

291 2361 435 2424 busdam
466 2361 599 2425 civibus
631 2359 822 2424 interiectis
851 2367 887 2423 et
920 2358 1096 2423 nonnullis
1125 2362 1240 2443 capti-

291 2461 382 2523 vatis
398 2459 550 2542 villaque
571 2466 734 2536 cremata,
757 2467 972 2523 recesserunt
991 2459 1117 2541 praedae
1138 2461 1242 2522 uber·

291 2565 364 2622 tate
399 2559 507 2623 ditati.
559 2559 626 2622 Sed
657 2559 723 2622 hoc
758 2559 887 2622 factum
919 2578 996 2622 cum
1034 2559 1107 2639 regi
1143 2558 1239 2622 Ead-

291 2658 409 2722 wardo
433 2659 596 2735 innotuit,
625 2677 787 2738 magnum
816 2659 1008 2722 exercitum
1031 2658 1123 2739 apud
1150 2656 1240 2722 Glo-

290 2759 445 2821 verniam
469 2759 706 2840 congregavit,
725 2759 781 2820 cui
798 2756 991 2821 Haroldum
1014 2757 1121 2820 filium
1140 2756 1238 2822 God-

290 2858 371 2920 wini
388 2858 592 2941 praeficiens,
603 2856 710 2940 jussit
727 2864 766 2920 ut
785 2857 903 2921 hostes
926 2856 1166 2938 insequeretur
1183 2876 1240 2920 ar-

289 2956 422 3034 denter,
436 2957 496 3040 qui
519 2957 606 3020 fines
621 2956 850 3021 Wallensium
873 2955 1037 3019 audacter
1058 2956 1238 3037 ingressus

289 3065 406 3121 castra
424 3076 533 3139 usque
550 3057 594 3120 ad
610 3049 851 3120 ²Snaudunam
873 3055 1055 3138 perduxit3
1082 3055 1239 3137 Algarus

291 3164 406 3220 autem
433 3163 469 3219 et
484 3154 662 3233 GriffinuS‚
678 3157 826 3219 scientes
846 3153 1041 3218 Haroldum
1064 3174 1140 3218 esse
1164 3156 1237 3218 bel-

291 3255 446 3332 licosum,
467 3254 630 3336 fugerunt
647 3274 668 3317 a
684 3254 771 3318 facie
795 3254 882 3338 ejus,
908 3253 958 3316 illi
983 3255 1143 3317 resistere
1167 3275 1238 3318 non

289 3355 467 3418 audentes.
521 3353 700 3417 Haroldus
717 3373 811 3430 vero,
829 3360 908 3435 post
923 3372 1064 3434 gravem
1080 3352 1238 3418 Wallen·

289 3455 377 3516 sium
401 3453 712 3536 depopulationem,
737 3453 828 3535 apud
858 3451 1100 3516 Herefordiam
1126 3453 1240 3516 diver·

290 3560 380 3627 tens,
394 3552 488 3615 vallo
503 3552 597 3615 illam
624 3552 697 3616 lato
714 3552 824 3615 cinxit
841 3558 876 3614 et
891 3551 976 3627 ulto,
994 3552 1172 3633 portisque
1193 3571 1236 3616 ac

289 3652 376 3714 seris
398 3651 516 3713 urbem
542 3652 711 3729 munivit3
743 3651 803 3714 sed
831 3652 961 3713 nuntiis
986 3652 1124 3714 tandem
1147 3652 1240 3715 inter

290 3749 460 3831 Algarum
482 3759 517 3814 et
532 3770 647 3830 regem
663 3750 934 3814 discurrentibus
950 3749 1118 3813 infirmam
1135 3743 1238 3813 'con-

326 3917 333 3945 ¹
347 3919 387 3967 Ab
404 3918 497 3979 Δημέα
513 3918 665 3981 exsuleril‚]
682 3919 765 3967 ‘sive'
811 3914 822 3946 ²
841 3913 1032 3986 Suadeam]
1065 3919 1073 3946 ‘
1089 3918 1244 3980 Strnddell,’

289 3989 366 4050 culpa
384 3989 530 4050 exlegavit'
542 3989 669 4049 l'lorence‚
688 3988 752 4036 irum
777 3988 844 4036 flor.
855 4003 884 4035 or
894 3991 902 4015 ‘
913 3983 1068 4046 Streetdale‚‘
1079 3988 1186 4048 lvrrell.

290 4060 372 4107 whom
384 4059 426 4106 the
437 4066 545 4107 account
557 4059 686 4120 following
706 4058 752 4106 hus
811 4055 821 4086 ³
835 4058 992 4105 Concordiam
1003 4059 1183 4120 conveneram]
1194 4060 1201 4084 ‘
1213 4059 1238 4105 in

289 4129 494 4190 ueeuubriuged.
763 4111 831 4244 {laco
858 4129 902 4187 qui
933 4129 1096 4188 llililesleagu
1118 4128 1212 4175 orcum
1225 4129 1242 4186 ;’

807 4212 843 4244 01¹.
