2888 4852
161 788 217 829 Μ).
226 788 271 828 su.

160 841 244 882 murat
252 840 276 880 as

319 392 364 459 60
577 408 712 458 nocnnr
737 410 784 458 nn
807 409 1013 459 wnnnovnn
1062 473 1064 475 ‚

435 649 484 714 De
498 656 591 713 morte
605 645 680 712 Ello
694 645 775 733 ropt's
788 644 978 711 australium
993 645 1161 709 Swonum.

372 770 478 838 Anno
503 773 626 855 gratiae
648 788 755 835 nxw.
770 748 946 836 venerunt*
961 776 1104 852 nepotes
1118 768 1271 847 Certich,

160 893 200 932 nu
214 891 280 930 nme
322 871 458 956 Stnpha
483 880 519 936 et
532 871 752 954 Withgarus,
775 890 853 935 cum
881 864 1030 935 ¹duahus
1056 870 1204 934 navibus
1230 870 1268 934 in

161 941 205 982 wit
258 968 265 981 .

324 972 554 1050 Britanniam,
567 979 603 1036 et
619 971 862 1054 applicuerunt
877 970 913 1033 in
931 963 1153 1033 'occidentali
1170 976 1270 1053 parte

324 1073 527 1137 Britannia.
592 1070 774 1136 Venerunt
801 1069 908 1152 igitur
946 1069 1051 1133 duces
1088 1069 1272 1133 Britonum

323 1180 445 1237 eontra
461 1191 522 1236 eos
539 1171 583 1235 ad
600 1170 769 1255 praelium,
783 1170 843 1234 sed
860 1166 1028 1233 fortitudo
1044 1188 1163 1233 eornm
1178 1169 1272 1234 illico

323 1271 493 1355 dissipata
514 1277 579 1335 est.
634 1271 745 1334 Facta
760 1277 814 1334 est
831 1269 998 1334 fortitudo
1015 1268 1152 1333 Certich
1172 1271 1272 1334 terri·

324 1370 404 1437 bilis
426 1371 548 1451 valde3
572 1389 706 1453 nempe,
720 1371 916 1434 universam
932 1368 1082 1433 insulam
1096 1369 1269 1435 hostiliter

325 1471 572 1554 pertransiens,
593 1471 655 1534 vix
682 1469 815 1534 invenit
841 1470 901 1552 qui
928 1476 1149 1551 repugnaret,
1181 1470 1272 1534 unde

325 1569 362 1634 in
386 1570 460 1635 dies
477 1569 633 1652 singulos
656 1576 760 1633 aucta
778 1576 832 1633 est
845 1568 1102 1651 magnificentia
1117 1588 1273 1652 pagano·

325 1690 411 1734 rum.
464 1670 595 1735 Eodem
618 1689 709 1734 anno
723 1663 831 1746 ³Elle,
853 1688 956 1751 quem
972 1687 1091 1732 omnes
1115 1668 1273 1734 Saxones

325 1789 390 1853 pro
413 1789 495 1852 rege
514 1769 720 1847 habuerunt,
737 1767 920 1833 defunctus
945 1774 1020 1848 est3
1044 1769 1272 1852 regnavitque

325 1889 388 1952 pro
412 1889 454 1934 eo
470 1869 572 1934 Cissa
586 1870 677 1933 filius
701 1869 789 1953 ejus,
813 1868 856 1933 de
877 1869 976 1951 cujus
1000 1869 1139 1932 nomine
1153 1868 1272 1934 Cices·

325 1970 405 2047 trie,
420 1989 525 2053 quam
541 1970 616 2052 ipse
630 1969 801 2046 fundavit,
819 1987 943 2033 nomen
958 1968 1084 2032 sortita
1098 1975 1165 2033 est.

699 2141 793 2207 Falto
800 2162 902 2228 popu.

375 2262 480 2330 Anno
497 2265 621 2348 gratia
631 2283 721 2330 nxv.
732 2260 855 2331 ⁴Felix
869 2265 959 2330 sedit
973 2265 1009 2329 in
1025 2263 1190 2330 cathedre
1202 2265 1277 2331 Ro·

288 2366 294 2377 '
328 2384 432 2431 mana
448 2368 549 2430 annis
572 2374 734 2448 quatuor,
747 2365 922 2430 mensibus
943 2365 1078 2430 dnobus
1096 2373 1132 2429 et
1153 2366 1275 2430 diebus

329 2465 504 2530 tredecim.
556 2465 628 2530 Hic
649 2467 777 2531 clerum
802 2485 824 2529 a
845 2465 974 2548 populo
995 2466 1032 2528 in
1054 2464 1201 2529 ecclesia
1222 2484 1276 2529 se·

221 2637 223 2641 ,
251 2614 257 2627 .
328 2566 504 2647 gregavit,
513 2566 574 2649 qni
586 2572 691 2631 antea
701 2565 864 2650 permixti
879 2565 997 2630 sedere
1012 2573 1277 2631 consueverant.

337 2737 387 2802 Do
402 2746 497 2802 nwrte
520 2737 802 2824 Utteaepeodrayoa
820 2745 848 2803 et
863 2737 996 2825 desmate
1009 2746 1152 2804 coemto
1167 2738 1281 2824 opinio.

381 2860 486 2927 Anno
514 2864 643 2946 gratiae·
655 2879 759 2941 nxw,
777 2883 854 2927 cum
872 2881 936 2927 rex
952 2863 1135 2929 Britonum
1152 2864 1280 2929 Uther·

329 2963 534 3045 pendragon
549 2963 642 3046 apud
651 2962 888 3028 Verolaminm
902 2964 1102 3028 infirmitate
1113 2973 1281 3047 gravatus

324 3061 472 3145 jaceret,
495 3063 698 3128 direxerunt
721 3062 880 3127 Saxones
914 3064 1091 3128 maleficos
1128 3065 1283 3128 unanimi

326 3180 499 3226 consensu
513 3163 549 3225 in
561 3163 657 3226 cultu
673 3163 905 3246 pauperrimo,
925 3163 985 3246 qni
1001 3183 1117 3247 regem
1134 3157 1284 3228 ⁵veneno

367 3375 375 3408 ¹
395 3377 498 3427 Duobus
515 3377 644 3442 methea]
669 3379 797 3442 ‘Tribus‚'
821 3380 905 3429 which
913 3380 1034 3444 kingdom
1042 3382 1283 3434 hewmucoeeded

329 3447 392 3498 Sex.
405 3447 498 3496 Chron.
510 3448 546 3498 tt.
559 3448 641 3498 liunt.
822 3451 907 3512 byhis
920 3465 965 3500 son
977 3452 1060 3503 Cissa.
1088 3453 1284 3516 Hereignedin

365 3513 536 3565 ’Occidentoli
544 3516 636 3581 perta]
649 3518 795 3570 Thesexon
821 3521 918 3569 Sussex
937 3521 1078 3584 thirty-two
1090 3538 1172 3586 years,
1187 3524 1238 3572 and
1255 3539 1284 3574 aa

331 3585 466 3637 chronicis
478 3586 528 3636 and
546 3587 615 3637 Hen.
628 3588 795 3653 Huntingdon
821 3589 940 3639 monarch
956 3590 986 3639 oi
999 3592 1042 3640 the
1059 3593 1157 3642 Saxona
1175 3597 1284 3656 twenty·

330 3656 381 3706 cali
403 3655 446 3705 the
469 3657 542 3719 place
560 3655 589 3706 oi
608 3658 674 3707 their
692 3659 797 3723 landing
821 3660 901 3709 three.
936 3661 1000 3710 This
1021 3662 1157 3724 monarcby
1175 3677 1231 3712 was
1247 3663 1284 3712 ai·

331 3725 548 3788 ‘Cerdices-om’
565 3727 687 3790 probably
705 3745 738 3778 on
753 3729 796 3778 the
822 3730 945 3779 terwards
973 3731 1103 3781 conferred
1127 3747 1159 3781 on
1182 3732 1284 3783 Cerdic.

330 3799 402 3845 coast
421 3794 451 3844 oi
462 3796 632 3846 Dorsetnbire.
651 3799 699 3847 See
710 3799 796 3861 Certe,
822 3799 973 3861 SeeSpeed,
983 3815 1028 3862 pp.
1040 3804 1097 3863 295,
1109 3805 1167 3852 ³26.

330 3866 349 3915 i.
368 3869 425 3915 1⁹9.
471 3865 563 3914 Tindal
584 3881 708 3928 supposes
728 3870 750 3917 it
770 3875 796 3918 to
857 3866 974 3933 ⁴Felix]
986 3870 1029 3920 He
1037 3870 1130 3920 diedin
1138 3872 1284 3934 September

330 3934 396 3984 heve
408 3935 471 3983 been
479 3935 585 3984 Calshot
593 3937 620 3984 in
632 3937 795 4000 Hampshire.
821 3954 850 3988 or
861 3938 971 3988 October
981 3940 1010 3989 oi
1018 3941 1059 3991 the
1070 3955 1133 4002 year
1143 3945 1201 3992 tlt.

332 4005 679 4067 Hist.nng.1tapn.p.sr.
861 4006 872 4036 ⁸
895 4009 989 4058 Veneno
1009 4012 1130 4075 pardem]
1156 4012 1220 4060 This
1242 4025 1285 4061 ac·

364 4070 376 4104 ⁸
398 4075 460 4136 Ede,
479 4090 549 4137 qam
566 4090 647 4124 omnes
663 4076 795 4141 Saxona]
821 4082 898 4126 count
916 4077 945 4126 oi
963 4079 1006 4128 the
1024 4080 1100 4130 death
1118 4081 1148 4130 oi
1164 4081 1245 4131 Uther
1260 4083 1284 4132 is

330 4143 369 4194 H.
379 4144 547 4205 Huntingdon
561 4145 655 4206 speaks
666 4145 696 4194 oi
704 4146 795 4196 himas
820 4146 883 4196 from
911 4148 1031 4213 Gentirey
1054 4151 1213 4217 hlonmouth,
1239 4152 1283 4203 lib.

329 4212 392 4276 king
414 4214 443 4265 oi
461 4214 504 4264 the
532 4214 612 4265 South
639 4216 748 4281 suone,
769 4218 796 4266 in
821 4217 875 4269 viii.
886 4232 944 4279 cap.
954 4222 996 4270 2⁴.
