2888 4852
448 425 587 473 riorus
610 425 879 474 ursroursnuu.
1068 411 1134 477 311

183 581 442 646 consolabiliter
472 584 685 662 anxiaretur,
715 586 810 649 venit
849 587 892 650 ad
932 605 1011 650 eum
1039 587 1133 670 apud

183 679 359 744 Thedford
383 681 513 746 Hubba
535 684 642 748 frater
666 684 753 768 ejus,
782 685 842 767 qui
861 685 936 768 jam
965 685 1132 751 Merciam

182 787 292 844 totam
308 781 591 865 depopulaverat,
607 803 684 847 cum
708 785 825 847 decem
847 784 999 847 millibus
1021 804 1133 850 arma

183 888 309 957 torum,
325 889 360 946 ct
377 883 428 945 sic
448 882 581 965 junctis
594 883 737 960 viribus,
752 891 792 947 ut
813 903 850 946 se
865 883 1082 949 vindicarent
1095 885 1132 948 in

181 987 338 1044 sanctum
351 1001 464 1063 regem
484 982 737 1060 Eadmnndum,
750 992 866 1047 castra
885 991 1064 1048 moventes
1086 983 1131 1048 ad

184 1078 420 1144 Haeilesdune
443 1082 573 1158 villam,
601 1082 659 1145 ubi
688 1102 751 1145 rex
781 1083 1000 1146 beatissimus
1035 1082 1130 1146 Ead-

182 1180 331 1243 mundus
353 1189 436 1244 tunc
458 1188 544 1258 erat,
566 1181 723 1245 celeriter
737 1191 978 1265 pervenerunt.
1030 1181 1131 1246 Tunc

183 1285 351 1363 tyrannus
371 1279 535 1363 Hinguar
544 1281 652 1363 jussit
665 1282 887 1364 circumcingi
911 1301 1027 1364 regem
1052 1301 1131 1346 cum

182 1380 296 1456 turba,
321 1399 363 1443 ne
388 1380 524 1461 quidem
553 1401 597 1444 ex
620 1383 778 1444 omnihus
803 1381 998 1445 elaberetur
1020 1382 1128 1446 vivus.

180 1477 426 1543 Sanctissimus
445 1480 562 1563 itaque
585 1500 647 1543 rex
667 1480 902 1558 Eadmnndus,
926 1501 1003 1545 cum
1025 1500 1063 1544 se
1086 1483 1130 1546 ab

183 1578 340 1642 hostibus
361 1578 512 1662 undique
526 1579 695 1642 vallatum
723 1588 960 1661 cognosceret,
982 1580 1024 1643 dc
1047 1599 1129 1643 con·

182 1664 260 1741 silio
278 1678 477 1756 Humberti,
493 1677 774 1743 Helmhamensis
791 1680 958 1762 episcopi,
972 1678 1129 1761 confugit

184 1777 227 1840 ad
250 1778 442 1855 ecclesiam,
458 1787 496 1842 ut
511 1798 548 1842 sc
566 1780 754 1842 membrum
775 1779 904 1843 Christi
920 1779 1128 1856 ostenderet,

182 1884 229 1954 et,
245 1879 350 1941 armis
374 1878 621 1961 temporalibus
637 1878 814 1962 projectis,
831 1878 984 1942 caelestia
1004 1877 1129 1955 induit,

184 1977 358 2041 humiliter
373 1977 514 2041 Patrem
536 1987 572 2042 ct
594 1977 719 2041 Filium
743 1997 821 2041 cum
843 1977 971 2042 Sancto
997 1976 1129 2059 Spiritu

182 2077 382 2159 deprecans,
397 2084 435 2140 ut
451 2077 516 2141 sibi
539 2079 575 2141 in
593 2079 754 2159 passione
777 2078 1005 2141 constantiam
1023 2076 1129 2158 largi·

181 2182 310 2239 rentur.
364 2176 477 2258 Igitur
493 2195 515 2240 a
531 2177 697 2241 ministris
722 2177 916 2260 iniquitatis
934 2176 1128 2243 clementis·

182 2276 290 2338 simus
318 2294 380 2339 rex
408 2275 632 2339 Eadmnndus
670 2279 715 2340 ab
744 2276 890 2340 ecclesia
918 2276 1130 2341 truculenter

180 2375 264 2438 loris
279 2375 457 2439 dirissimis
472 2384 680 2454 coarctatur,
703 2384 739 2442 et
760 2377 850 2441 sicut
864 2375 1024 2441 Christus
1047 2384 1128 2440 ante

182 2474 335 2539 Pilatum
357 2475 549 2558 praesidem,
570 2476 621 2539 ita
643 2476 782 2540 ducitur
798 2476 1024 2540 Eadmnndus
1046 2482 1128 2540 ante

180 2574 334 2656 iniquum
351 2574 472 2638 ducem
486 2596 494 2654 ;
518 2595 588 2658 quo
606 2575 763 2658 jubente,
779 2576 824 2639 ad
841 2577 998 2639 arborem
1016 2592 1127 2658 quan·

181 2673 273 2751 dam,
298 2693 376 2756 quae
397 2694 467 2738 non
492 2674 638 2738 multum
664 2677 795 2751 aberat,
817 2675 984 2756 religatus
1007 2674 1129 2738 diutis-

180 2774 264 2837 sime
281 2773 489 2854 flagcllatur,
509 2774 694 2855 multisque
714 2773 826 2838 modis
848 2773 1016 2837 illuditur.
1059 2772 1127 2836 Sed

179 2864 329 2936 invictus
346 2873 478 2936 athleta
493 2872 624 2938 Christi
639 2872 864 2937 Eadmundus
881 2873 972 2935 inter
987 2871 1128 2952 flagella

181 2972 357 3037 Christum
381 2992 517 3057 semper
540 2972 732 3036 invocando
758 2979 908 3035 tortores
930 2989 1012 3034 suos
1035 2989 1128 3033 com·

180 3072 271 3155 pulit
296 3073 332 3135 in
361 3072 523 3151 furorem,
556 3082 592 3149 ct
623 3071 667 3135 ad
704 3073 818 3154 ipsum
849 3079 932 3134 tunc
966 3069 1127 3146 arcubus,

180 3174 279 3255 quasi
294 3172 337 3234 ad
353 3172 503 3254 signum,
521 3171 682 3248 ludendo,
697 3180 809 3235 totum
820 3187 945 3252 corpus
960 3170 1035 3254 ejus
1049 3168 1128 3232 telis

180 3270 382 3336 confodiunt
413 3278 449 3334 et
473 3271 634 3353 sagittis3
668 3290 732 3334 noc
762 3276 838 3334 erat
862 3268 959 3333 locus
986 3270 1022 3332 in
1050 3287 1126 3331 cor·

179 3391 263 3453 pore
278 3371 441 3453 martyris
457 3390 600 3448 vacuus,
617 3390 686 3454 quo
703 3389 832 3434 novum
843 3376 962 3451 posset
977 3367 1126 3450 imprimi

180 3470 319 3548 vulnus,
336 3489 416 3534 nam
438 3471 529 3536 sicut
550 3471 697 3535 hericius
719 3470 852 3533 incute
876 3467 992 3531 densis
1014 3485 1127 3531 arma-

181 3580 239 3635 tur
262 3571 383 3653 spinis,
406 3570 457 3634 ita
477 3589 602 3652 corpus
625 3570 746 3635 invicti
766 3568 859 3650 regis
881 3567 1024 3650 spiculis
1047 3585 1127 3631 con·

182 3671 299 3752 ligitur
310 3679 345 3734 et
355 3670 506 3752 sagittis.
557 3668 715 3752 Cumque
733 3687 795 3732 nec
810 3668 860 3730 sic
872 3666 1036 3748 Hinguar
1049 3684 1126 3729 car·

179 3770 275 3833 nifex
290 3770 506 3834 truculentus
518 3778 676 3833 sanctum
690 3776 875 3849 martyrem
884 3765 1126 3830 Eadmnndum

182 3889 204 3934 a
220 3869 286 3933 lide
304 3870 433 3934 Christi
453 3877 488 3933 et
508 3868 722 3933 consessione
738 3866 922 3930 Trinitatis
938 3865 1053 3948 potuit
1074 3884 1128 3928 se·

179 3989 315 4053 parare,
337 3978 377 4033 ut
400 3967 472 4031 suis
495 3969 622 4050 iniquis
645 3965 927 4050 persuasionibus
959 3965 1129 4047 praeberet

84 4056 91 4085 ⁸
182 4089 373 4145 assensum,
390 4069 547 4151 protinus
571 4068 683 4132 lictori
705 4065 860 4141 mandat,
884 4072 924 4128 ut
948 4082 1030 4126 ense
1052 4080 1130 4124 cru·

181 4178 262 4233 ento
290 4168 450 4250 martyris
481 4176 586 4251 caput
608 4167 804 4250 praecidat;
840 4172 877 4228 at
900 4163 1001 4226 lictor
1028 4179 1128 4225 sanc·
