2888 4852
413 436 551 485 enonas
575 436 844 486 nrsronrnaon.
1036 422 1103 486 473

154 596 225 659 sore
248 596 403 676 dignum,
431 603 558 676 praeter
581 595 690 672 illum,
719 595 820 678 cujus
848 593 984 670 caelum,
1010 602 1103 657 terra

153 704 188 758 ct
214 715 319 771 mare,
336 715 414 759 cum
435 695 594 757 omnibus
622 715 700 777 quoe
723 695 759 757 in
782 696 833 758 eis
858 701 952 770 suut,
968 693 1102 775 legibus

153 794 318 858 obediunt
348 793 590 875 sempiternis)
655 793 780 876 Itaque
809 813 884 871 rex,
906 801 986 876 post
1016 792 1103 870 haec,

155 913 331 975 nunquam
353 894 434 956 dum
450 893 539 956 vixit
562 913 723 957 coronam
746 894 919 976 portavit;
943 893 1003 955 sed
1026 912 1102 956 cam

153 1012 258 1074 super
276 1001 381 1076 caput
402 993 563 1074 imaginis
587 992 744 1056 crucifixi
761 1012 981 1075 componens,
1005 1012 1103 1074 mag·

152 1112 233 1154 num
265 1094 404 1175 regibus
430 1091 556 1156 suturis
586 1093 734 1175 praebuit
756 1092 961 1157 humilitatis
985 1111 1102 1156 exem-

154 1191 260 1273 plum.

366 1366 416 1429 Do
431 1364 624 1429 coronatione
639 1364 719 1449 repis
733 1364 883 1429 Horoldi.

207 1487 381 1552 Defuncto
403 1496 519 1552 autem
534 1487 694 1552 Cnutone
712 1508 799 1570 rege
809 1488 1005 1571 magnifico,
1021 1508 1103 1552 con·
1116 1511 1229 1552 noanon

154 1595 322 1650 venerunt
349 1589 440 1670 apud
471 1587 645 1651 Oxouiam
677 1608 836 1670 proceres
868 1590 966 1670 regni
996 1596 1031 1652 et
1061 1588 1105 1652 de
1117 1562 1232 1602 ΗΜ

159 1706 239 1767 rege
269 1688 416 1750 creando
445 1695 683 1751 tractaverunt
714 1687 862 1766 ibidem3
902 1689 959 1751 ubi
990 1707 1105 1751 comes

159 1785 336 1849 Leosricus
353 1795 388 1850 et
403 1806 521 1850 omnes
538 1787 716 1850 Danorum
732 1788 905 1869 principes
921 1807 999 1851 cum
1012 1787 1104 1851 Lon-

157 1885 355 1949 dinensibus
368 1880 374 1917 ¹
386 1886 595 1962 Haroldum,
606 1886 777 1951 cnutonis
794 1887 902 1951 filium
918 1907 964 1950 ex
976 1885 1106 1968 Algiva

158 1986 350 2049 concubina
372 1997 584 2068 susceptum,
601 1987 827 2051 communiter
840 1987 1030 2068 elegerunt,
1045 1987 1104 2049 scd

159 2082 361 2162 Godwiuus,
391 2104 506 2148 comes
537 2085 684 2163 Cantiae,
717 2094 752 2150 et
784 2087 956 2169 principes
987 2086 1105 2151 West·

156 2184 311 2247 saxoniae
330 2204 447 2248 omnes
465 2186 708 2267 praeoptabant
730 2206 845 2267 regem
868 2185 994 2249 habere
1012 2185 1106 2248 Har-

156 2283 354 2361 decnutum,
371 2284 479 2347 filium
498 2284 669 2349 cnutonis
693 2305 736 2348 ex
755 2285 877 2349 Emma
893 2286 1013 2368 regina
1028 2304 1105 2349 sus·

156 2391 306 2464 ceptum,
331 2383 386 2447 vel
410 2403 515 2447 uuum
544 2404 589 2447 ex
614 2384 693 2448 liliis
720 2384 896 2449 Ethelredi
924 2385 1028 2467 regis,
1059 2405 1105 2448 ex

156 2483 275 2545 eadem
294 2483 417 2546 Emma
440 2490 655 2564 generatum,
671 2485 731 2566 qui
753 2486 789 2548 in
807 2483 1023 2548 Normannia
1045 2504 1103 2548 ex·
1140 2495 1143 2498 ’

155 2581 337 2659 sulabant3
368 2583 615 2665 sedquoniam
643 2583 892 2648 Hardecnutus
921 2591 1004 2647 tunc
1030 2591 1106 2647 erat

156 2681 192 2743 in
208 2681 333 2758 Dacia,
349 2680 511 2745 Alsrcdus
537 2689 573 2744 ct
590 2682 816 2759 Eadwardus,
840 2683 901 2746 filii
918 2682 1106 2759 Ethelrcdi,

156 2779 192 2842 in
212 2779 440 2857 Normannia,
462 2780 648 2861 praevaluit
673 2801 755 2863 pars
780 2781 929 2845 Haroldi
951 2788 987 2846 et
1008 2780 1106 2862 regni

156 2877 295 2959 Anglioe
320 2878 418 2941 illum
447 2878 641 2943 diademate
674 2879 868 2963 insignivit,
899 2881 960 2964 qui
988 2880 1106 2944 statim

155 2984 334 3060 promotus
351 2977 567 3041 Wintoniam
593 2978 774 3057 festinauS,
792 2999 957 3061 gazarum
984 2999 1106 3063 opum-

156 3096 223 3160 que
252 3076 445 3154 thesauros,
473 3096 561 3158 quos
584 3097 647 3141 rex
671 3077 786 3144 Cnuto
816 3078 948 3143 Emmae
978 3079 1107 3161 reginae

156 3178 347 3258 legaverat,
379 3177 558 3259 tyrannice
585 3177 735 3258 rapiens,
765 3179 908 3243 candem
937 3179 1107 3256 Emmam,

156 3282 195 3339 ut
212 3295 395 3340 novercam
418 3294 529 3352 suam,
547 3269 610 3340 ²ab
625 3275 756 3360 Anglia
778 3278 963 3343 exsulavit.
1017 3278 1106 3357 Quae

156 3376 199 3439 ad
228 3369 485 3439 ³Baldewinum
516 3376 675 3440 comitem
711 3377 959 3442 Flandrensem
992 3378 1107 3443 divor·

156 3484 244 3552 tens,
269 3475 403 3557 accepit
419 3477 463 3539 ab
484 3495 524 3540 eo
548 3476 727 3540 castellum
749 3479 792 3541 de
810 3478 958 3561 Brigges
978 3486 1018 3543 ut
1033 3498 1106 3543 mo·

192 3675 197 3704 ¹
213 3678 357 3738 Haroldum,
373 3676 492 3726 cnutonis
503 3674 617 3740 filiun]
642 3677 700 3726 dom
718 3679 821 3728 allotted
832 3683 858 3727 to
869 3680 930 3741 him,
941 3680 1040 3730 Harold
1052 3696 1106 3732 was

158 3748 281 3807 Compare
292 3747 334 3795 the
345 3750 464 3795 accounts
471 3745 501 3794 oi
508 3745 550 3794 the
562 3760 618 3794 ouc-
643 3748 740 3799 elected
751 3749 814 3811 king
824 3764 883 3798 over
894 3750 938 3799 all.

157 3819 255 3866 cessiou
277 3816 306 3863 oi
326 3816 424 3864 Harold
447 3816 480 3877 by
506 3815 618 3876 Ingulph
678 3848 689 3878 2
831 3852 837 3863 .
866 3870 868 3872 ¹
974 3852 980 3863 .

156 3888 207 3936 aud
225 3886 392 3947 Huntingdon
410 3885 473 3933 with
490 3884 620 3947 Florenoe,
699 3851 738 3901 Ab
758 3851 1020 3970 ‘znffimsemleffiff
1050 3852 1107 3969 ΡΟ·

157 3954 620 4005 whoassertsthatiioroldwasfirst
644 3936 761 4002 fencem}
824 3937 838 3970 ⁰
873 3936 915 3971 ⁸¹·
997 3936 1105 4002 ΨΜ

157 4026 254 4076 elected
264 4026 326 4086 king
337 4024 365 4073 ol
380 4025 479 4073 oleron
493 4025 544 4072 oud
555 4024 621 4073 Nor·
644 3992 685 4040 the
697 3991 891 4040 bmhmemf
900 3991 989 4039 Emm
997 4007 1023 4039 ¹¹¹
1034 3995 1105 4043 ¹⁰³⁷·

156 4097 292 4156 thumbria,
307 4097 361 4155 but,
376 4095 527 4143 Hardacnut
537 4094 619 4143 relus-
677 4086 893 4151 ³Boldewinum,]
912 4089 1047 4137 sumamed
1067 4089 1107 4138 De

157 4170 200 4229 ing
220 4174 245 4215 to
261 4167 332 4214 leave
352 4165 482 4213 llenruark
494 4164 542 4212 and
560 4164 620 4212 take
645 4156 723 4221 l’lsle,
741 4174 786 4207 sou
805 4158 833 4207 ol
849 4158 967 4207 Baldwiu
987 4159 1035 4209 1v.
1054 4160 1106 4209 carl

157 4237 300 4300 possession
312 4235 340 4283 oi
348 4236 390 4285 the
403 4235 490 4283 resloi
497 4234 538 4282 the
548 4234 621 4295 king·
644 4230 673 4278 oi
681 4230 811 4278 llanders.
