2888 4852
354 393 420 459 448
608 411 742 459 nouum
767 412 814 458 nn
838 408 1045 459 wnunovsa

354 574 457 639 citius
481 575 633 639 divinam
661 575 791 640 sentiat
813 575 991 651 ultionem,
1014 572 1202 638 exercitum
1221 592 1313 637 con-

355 693 500 756 gregare
523 695 635 758 neque
663 683 785 739 contra
809 674 928 739 hostes
954 674 1078 738 ducere
1103 692 1170 737 non
1196 672 1310 737 aude-

354 774 427 851 bat,
453 794 575 839 verens
600 795 643 838 ne
667 775 764 856 regni
786 775 930 850 nobiles,
953 792 1041 856 quos
1065 773 1191 858 injuste
1212 780 1312 837 trac-

355 879 503 951 taverat,
528 875 564 938 in
591 874 711 957 praelio
743 873 840 938 illum
874 873 1117 956 relinquentes,
1144 873 1309 936 hostibus

354 973 531 1038 traderent
545 974 589 1037 ad
607 973 838 1056 perdendum3
859 973 919 1036 sed
940 992 1000 1035 rex
1026 973 1130 1035 miser
1150 978 1203 1036 tot
1225 990 1310 1054 per-

351 1072 609 1137 turbationibus
636 1073 828 1149 confossus,
855 1073 899 1135 ab
930 1073 1015 1136 urbe
1045 1071 1308 1136 Londoniarum

352 1171 443 1234 clam
457 1171 612 1248 recessit,
627 1180 662 1235 et
679 1172 820 1235 veniens
838 1168 1125 1247 Suthamtoniam,
1142 1171 1186 1233 ad
1198 1169 1309 1234 Wec-

353 1278 425 1335 tam
456 1270 605 1334 insulam
635 1271 825 1352 navigavit,
854 1277 890 1334 et
915 1270 995 1334 inde
1019 1271 1174 1353 reginam
1200 1289 1305 1334 snam

355 1369 511 1434 Emmam
541 1371 578 1434 in
605 1369 856 1434 Normanniam
884 1369 927 1432 ad
957 1369 1078 1432 ducem
1111 1369 1305 1433 Ricardum

354 1469 495 1534 fratrem
523 1488 636 1547 suum,
667 1486 744 1533 cum
775 1469 854 1532 filiis
885 1469 957 1532 suis
988 1467 1132 1532 Alfredo
1162 1476 1197 1532 et
1230 1468 1305 1532 Ed-

353 1569 484 1646 wardo,
509 1577 684 1633 eteorum
709 1568 908 1633 custodibus
926 1561 1141 1647 ¹Halchuno,
1165 1568 1307 1632 Dunel·

353 1669 463 1732 mensi
487 1667 661 1751 episcopo,
685 1675 719 1732 et
739 1669 864 1731 abbate
889 1667 931 1730 de
950 1666 1186 1730 Medmesham
1201 1665 1305 1731 Aelf·

352 1768 406 1832 sio
434 1767 597 1849 dirigens,
626 1768 670 1830 ab
705 1768 781 1850 ipso
811 1768 897 1830 duce
922 1785 999 1829 cum
1031 1767 1159 1830 honore
1183 1773 1219 1831 et
1246 1787 1304 1831 re-

354 1867 510 1931 verentia
535 1874 617 1930 sunt
644 1867 773 1949 recepti
794 1887 802 1946 ;
837 1866 1006 1929 Eadricus
1029 1885 1178 1948 quoque,
1207 1867 1304 1948 regis

354 1965 531 2031 Ethelredi
544 1966 833 2047 consanguineus,
852 1984 930 2030 cum
949 1966 1070 2046 regina
1086 1973 1122 2030 et
1136 1965 1305 2029 militibus

354 2067 481 2148 septies
496 2067 620 2147 viginti
638 2065 888 2142 transfretavit,
906 2065 964 2128 ubi
981 2084 1059 2128 cum
1075 2065 1152 2147 ipsa
1167 2065 1303 2129 duobus

354 2167 454 2229 annis
474 2165 641 2242 residens,
657 2167 689 2229 ei
706 2164 888 2246 magnifice
903 2164 1123 2228 ministravit.
1174 2163 1303 2247 Sicquc

353 2281 471 2328 mense
486 2264 639 2346 Augusti
660 2265 729 2328 illis
750 2282 845 2327 mare
862 2264 1132 2341 transeuntibus,
1146 2282 1223 2327 cnm
1238 2285 1303 2328 rex

354 2362 559 2427 Ethelredus
586 2363 718 2428 audivit
740 2383 799 2443 eos
822 2363 1008 2427 honorifice
1035 2370 1203 2445 receptos,
1225 2363 1302 2447 ipse

353 2463 511 2545 sequenti
535 2455 669 2525 2mense
693 2462 716 2526 J
719 2463 863 2528 anuario
883 2483 977 2526 mare
998 2463 1168 2526 transiens
1193 2463 1302 2527 insor-

354 2562 487 2625 tunium
507 2581 607 2625 suum
628 2562 707 2625 duci
726 2562 911 2643 magnifico
932 2562 1111 2639 revelavit,
1127 2562 1186 2645 qui
1205 2562 1303 2626 cala-

352 2661 531 2725 mitatibus
548 2661 624 2745 ejus
648 2661 792 2724 multum
811 2661 1024 2744 compatiens
1039 2662 1194 2726 miserias
1208 2663 1303 2744 regis

352 2779 394 2824 ac
409 2760 591 2825 moerorem
605 2762 719 2826 verbis
734 2762 975 2825 consolatoriis
992 2762 1176 2842 mitigavit.

451 2935 608 3000 Do'mortc
622 2935 726 2999 Secum
736 2935 915 3000 haisrrr'mu
932 2936 1051 3021 etfapa
1066 2956 1198 3001 aarum.

190 3069 314 3160 fflgp-
404 3057 506 3123 Anno
530 3059 671 3124 Domini
697 3058 1038 3136 nx1v.suanus,ut
1065 3060 1303 3143 praediximus,

189 3172 272 3220 swern
352 3165 520 3242 tyrannus
543 3158 785 3240 nequissimus,
808 3161 965 3223 invasam
980 3153 1156 3241 ³Angliam
1175 3178 1303 3240 urgen-

353 3259 448 3322 tibus
466 3259 617 3322 caedibus
634 3265 669 3321 et
685 3258 829 3340 rapinis,
847 3259 1077 3321 substantiam
1100 3259 1196 3341 prius
1219 3277 1301 3339 pro·

350 3358 547 3422 vincialium
575 3358 753 3439 rapiendo,
777 3366 812 3422 et
842 3357 973 3423 nobiles
999 3366 1121 3440 postea
1151 3358 1299 3440 proscri-

350 3456 474 3533 bendo,
498 3466 534 3521 et
556 3457 606 3519 sic
629 3476 712 3539 opes
738 3464 809 3521 tam
834 3458 989 3539 privatas
1008 3477 1114 3539 quam
1140 3457 1300 3539 publicas

350 3555 394 3619 ad
420 3573 526 3620 naves
553 3575 630 3618 cum
658 3556 834 3620 obsidibus
858 3557 1108 3640 comportabat,
1135 3575 1204 3639 quo
1227 3556 1301 3619 evi*

383 3769 541 3830 walchem,
558 3771 736 3836 Duaelmeasi]
754 3773 808 3822 ‘l'he
835 3774 876 3824 the
888 3774 939 3823 lsle
957 3773 986 3822 ol
994 3774 1090 3835 wigut,
1102 3774 1171 3834 ‘qua
1188 3776 1302 3832 peracta,

350 3842 430 3892 better
441 3842 589 3890 authorities
600 3841 661 3889 read
678 3842 809 3891 ‘Alfhuno
837 3843 1044 3893 Northmanniam
1056 3837 1206 3892 devehitur!
1231 3842 1300 3891 Flor.

350 3906 534 3972 londoniensi:
555 3911 614 3959 who
638 3911 659 3959 is
687 3911 809 3974 probably
835 3915 895 3964 Sex.
908 3913 1000 3962 Chron.

349 3981 409 4032 here
419 3982 546 4043 intended,
557 3983 626 4030 since
634 3981 747 4030 Aldwini
756 3998 810 4033 was

349 4053 439 4112 hishop
450 4053 479 4100 ol
487 4051 603 4101 Durham
614 4051 702 4099 atthis
713 4053 782 4102 time.
870 4050 880 4080 ³
891 4052 1010 4115 Angliam
1029 4051 1172 4114 urgentibus
1193 4050 1301 4098 carthus

384 4120 489 4170 'Mense
507 4120 649 4183 dunanda]
686 4121 728 4171 lle
749 4123 810 4183 lrept
835 4127 858 4170 et
877 4123 1000 4187 raptata]
1036 4124 1160 4184 Compare
1178 4120 1298 4169 hlalmsb.

347 4189 390 4239 the
408 4191 553 4241 festivales
568 4191 771 4253 Christmas-day
783 4193 809 4240 in
835 4190 918 4257 §rra
