2888 4852
338 388 404 452 250
591 401 724 449 nocam
749 401 795 448 nn
818 399 1025 449 wnunovnn

343 561 482 624 bortatu
505 559 676 623 diabolico
695 576 862 622 succensa
879 558 954 623 viro
972 557 1082 622 sertur
1097 556 1214 621 taliter
1237 576 1291 620 re-

342 660 534 743 spondisse,
559 658 698 735 ‘Ecce,’
720 659 845 740 inquit,
871 658 1036 722 ‘tradidit
1064 658 1161 721 Deus
1189 656 1291 719 bodie

338 759 440 824 -vobis
466 758 642 822 inimicum
660 765 826 835 vestrum,
841 757 943 842 cujus
965 777 1110 838 regnum
1128 764 1200 820 tam
1214 755 1291 819 diu-

343 866 446 923 turno
469 858 663 940 adoptastis
688 857 870 935 desiderio,
895 864 946 935 ut,
972 857 1034 922 illo
1056 856 1205 921 latenter
1229 875 1292 919 ex-

343 957 465 1037 tincto,
487 977 631 1039 regnum
654 957 730 1041 ejus
752 958 788 1021 in
806 957 866 1041 jus
883 963 1036 1040 vestrum
1054 963 1090 1019 et
1113 973 1291 1020 successo·

342 1078 419 1122 rum
441 1065 634 1122 vestrorum
657 1063 811 1121 transeat
835 1057 872 1119 in
894 1054 1087 1120 aeternum!
1139 1054 1205 1119 Cui
1227 1073 1290 1117 rex

343 1164 458 1222 mente
480 1157 622 1220 nimium
655 1158 877 1238 perturbatus
901 1176 946 1220 ex
970 1155 1123 1220 mulieris
1149 1172 1293 1237 persua·

344 1258 453 1334 sione,
478 1275 556 1320 cum
588 1255 826 1337 indignatione
851 1256 964 1339 ipsam
988 1254 1211 1337 increpando,
1237 1273 1292 1316 re·

343 1356 514 1440 spondit,‘
527 1355 639 1435 Quasi
654 1354 745 1432 una,’
756 1354 880 1437 inquit,
892 1361 902 1389 ‘
913 1355 955 1419 de
964 1354 1081 1418 stultis
1092 1353 1293 1417 mulieribus

343 1457 460 1521 locuta
482 1475 539 1535 es;
563 1456 654 1519 absit
676 1473 698 1518 a
719 1474 786 1531 me,
805 1455 896 1518 absit
913 1461 984 1519 tam
997 1453 1202 1518 detestabile
1221 1452 1294 1517 iac·

344 1564 428 1634 tum,
448 1576 518 1638 quo
536 1561 747 1638 perpetrato,
762 1553 846 1618 mibi
867 1553 1020 1637 meisque
1038 1552 1293 1617 successoribus

344 1655 434 1721 soret
463 1655 685 1739 opprobrium
698 1653 718 1733 ;’
740 1662 776 1718 et
801 1654 855 1717 bis
878 1654 993 1732 dictis,
1020 1673 1083 1717 rex
1112 1654 1222 1716 iratus
1247 1654 1292 1715 ab

344 1755 405 1819 illa
419 1755 572 1819 recessit.
626 1753 777 1831 Interea,
794 1754 919 1818 mentis
934 1752 1190 1837 perturbatione
1207 1771 1293 1835 pau-

346 1855 444 1919 latim
459 1853 630 1936 deposita,
647 1873 748 1934 reges
770 1854 872 1917 ambo
894 1853 1124 1917 consederunt
1138 1851 1182 1916 ad
1198 1871 1294 1915 men-

345 1973 432 2030 sam,
446 1954 506 2016 ubi
523 1952 698 2033 regalibus
710 1953 895 2016 esculentis
911 1951 1042 2029 refecti,
1056 1953 1091 2016 iu
1107 1950 1294 2035 tympanis,

345 2052 546 2116 citharis'et
567 2050 714 2128 choreis,
728 2052 818 2114 diem
842 2059 953 2115 totam
979 2071 1056 2114 cum
1084 2051 1217 2133 ingenti
1232 2051 1293 2114 lae·

347 2152 425 2216 titia
441 2152 680 2234 expleverunt.
731 2151 798 2214 Sed
818 2152 939 2233 regina
960 2151 1098 2214 iuterim
1123 2149 1293 2227 malefica,

346 2270 369 2315 a
379 2251 474 2315 ioedo
487 2249 665 2333 proposito
682 2270 751 2313 uon
767 2250 943 2327 recedens,
951 2250 1058 2334 jussit
1075 2250 1111 2313 in
1124 2250 1204 2313 dolo
1217 2249 1295 2312 tha-

345 2351 488 2426 lamum,
505 2369 600 2413 more
616 2349 724 2430 regio,
741 2350 863 2432 palleis
874 2350 993 2413 sericis
1010 2356 1046 2413 et
1059 2350 1179 2413 aulaeis
1196 2349 1296 2412 ador-

347 2447 434 2527 nari,
450 2450 486 2513 in
509 2468 578 2532 quo
599 2468 662 2512 rex
676 2447 902 2513 Athelbcrtus
926 2457 1131 2513 nocturnum
1155 2456 1296 2532 caperet

347 2569 527 2628 somnum;
557 2549 665 2632 juxta
691 2569 828 2631 quoque
852 2556 1001 2612 stratum
1031 2549 1165 2630 regium
1189 2549 1302 2613 sedile·

347 2649 537 2732 praeparari
559 2647 640 2712 lecit
665 2649 760 2712 cultu
786 2647 998 2712 nobilissimo
1022 2656 1238 2712 exstructum
1260 2655 1297 2711 et

348 2749 491 2813 cortinis
529 2748 681 2830 undique
709 2747 969 2825 circumdatum,
999 2749 1063 2811 sub
1093 2768 1164 2831 quo
1191 2749 1295 2812 etiam

347 2848 506 2912 malefica
529 2848 591 2911 illa
612 2847 741 2911 fossam
765 2848 882 2929 parari
905 2846 986 2911 fecit
1011 2847 1229 2930 profundam,
1257 2854 1296 2910 ut

348 2948 535 3012 nefandum
565 2948 778 3031 propositum
812 2947 1013 3028 perduceret
1053 2947 1096 3010 ad
1125 2946 1295 3011 effectum.

350 3047 430 3112 Rex
461 3068 543 3112 vero
569 3046 807 3123 Athelbertus,
834 3066 910 3110 cum
945 3054 1025 3128 post
1055 3047 1173 3110 laetum
1204 3046 1296 3110 diem

349 3149 502 3210 membra
533 3147 650 3229 sopori
678 3147 760 3210 dare
792 3146 1041 3229 proposuisset,
1069 3145 1238 3210 adductus
1260 3146 1296 3209 in

349 3246 539 3310 thalamum
555 3252 781 3310 memoratum
803 3246 839 3310 in
854 3246 953 3309 sedili
971 3245 1117 3329 praeiatc
1132 3246 1297 3323 residens,

349 3366 427 3409 cum
441 3347 519 3428 ipsa
531 3347 618 3409 sella
634 3347 669 3409 in
684 3345 788 3409 fossae
802 3346 1068 3428 profunditatem
1084 3346 1199 3409 subito
1209 3365 1298 3431 prac-

349 3445 526 3528 cipitatus,
551 3463 573 3508 a
597 3444 787 3521 lictoribus,
802 3465 890 3527 quos
915 3446 1038 3525 regina
1058 3445 1298 3522 absconderat,

349 3544 538 3608 suffocatus
561 3552 636 3623 est3
671 3564 751 3607 nam
775 3545 869 3608 illico
899 3564 978 3608 cum
1007 3566 1070 3609 rex
1092 3545 1128 3608 in
1160 3545 1297 3610 foveam

348 3646 547 3721 corruisset,
563 3644 783 3728 projecerunt
797 3664 900 3728 super
921 3664 1000 3707 eum
1023 3644 1162 3708 nefandi
1182 3644 1297 3727 prodi-

349 3752 442 3807 tores
456 3744 663 3826 pulvinaria,
677 3764 755 3807 cum
771 3745 926 3809 vestibus
944 3752 979 3808 et
993 3744 1147 3822 cortinis,
1166 3765 1209 3808 ne
1228 3744 1299 3807 cla·

350 3862 448 3906 mans
471 3845 660 3920 audiretur,
681 3845 787 3907 etsie
809 3864 871 3907 rex
887 3851 923 3907 et
945 3851 1077 3927 martyr
1097 3845 1299 3908 innocenter

349 3944 525 4007 extinctus
546 3944 680 4027 accepit
695 3964 857 4007 coronam
875 3944 969 4021 vitae,
984 3964 1088 4026 quam
1104 3936 1307 4029 repromisit

351 4043 448 4106 Deus
472 4044 695 4125 diligentibus
722 4063 769 4107 se.
824 4043 904 4106 Hoc
932 4044 1072 4107 tandem
1095 4044 1299 4108 detestabile

350 4144 489 4219 sactum,
522 4144 612 4226 quod
644 4145 763 4224 regina
795 4143 951 4206 malefica
978 4145 1012 4206 in
1045 4163 1185 4225 procum
1217 4144 1298 4207 liliae
