2888 4852
452 440 594 488 rnonns
617 442 886 494 nrsrosrsaoo.
1097 431 1143 495 99

186 600 280 659 runt.
333 592 382 660 At
399 596 458 660 nbi
471 606 552 680 post
567 599 746 682 paululum
760 602 835 684 ipse
849 602 953 666 etiem
969 622 1032 667 rex
1046 605 1138 669 inter

185 691 275 758 alios
291 691 484 761 delectatus
501 698 575 763 vita
593 707 792 765 sanctorum
807 702 1043 781 mundissima,
1061 724 1136 768 cro·

184 790 271 856 dens
285 786 500 877 ¹baptizatus
515 805 581 876 est,
595 808 775 882 coeperunt
787 801 904 884 plures
920 803 1073 886 quotidie
1089 805 1133 869 ad

184 892 394 959 audiendum
409 896 492 962 vitoe
504 899 646 962 verbum
657 899 829 966 confluere
842 919 895 979 ac,
910 902 1030 967 relicto
1048 923 1132 985 gen·

185 991 324 1058 tilitatis
337 1015 465 1075 errore,
482 998 609 1063 unitati
623 1000 778 1064 ecclesiae
792 1019 869 1065 sese
886 1001 1057 1066 credendo
1074 1022 1131 1066 so-

184 1091 290 1158 ciare.
335 1095 443 1160 Dedit
462 1098 568 1163 ctiam
588 1098 673 1181 ipsis
695 1099 895 1165 doctoribus
919 1101 992 1165 suis
1016 1101 1129 1167 locum
1145 1121 1294 1165 numiano

183 1192 277 1257 sedis
297 1212 489 1278 congruum
505 1197 630 1280 gradui
653 1218 772 1262 eorum
786 1199 824 1262 in
847 1200 1065 1264 Dorohernia
1079 1202 1129 1265 ci·
1143 1173 1280 1224 mmm

183 1290 294 1356 vitate
317 1312 383 1359 sua
407 1297 602 1380 metropoli,
627 1307 663 1362 et
685 1300 898 1363 necessarias
922 1299 958 1362 in
983 1300 1129 1365 diversis

182 1391 285 1455 rebus
307 1394 456 1460 contulit
476 1397 684 1461 mansiones.
731 1398 871 1462 Interea
895 1399 948 1462 vir
970 1399 1037 1464 Dei
1056 1399 1129 1465 Au·

182 1491 346 1571 gostinus
359 1495 456 1560 venit
474 1493 609 1574 Arelas,
630 1504 676 1574 et,
691 1491 1021 1582 ab'archiepiscopo
1036 1500 1129 1583 ejus·

181 1589 260 1654 dem
288 1591 441 1659 civitatis
463 1595 742 1678 archiepiscopus
769 1597 960 1676 ordinatus,
990 1599 1025 1662 in
1051 1599 1130 1663 Bri·

182 1690 339 1757 nomam
351 1712 511 1759 reversus
527 1702 590 1760 est

334 1840 507 1909 mmmm
520 1842 601 1910 docti
615 1845 776 1910 Benedicti
789 1846 974 1911 destruitur.

231 1962 337 2031 Anno
358 1967 481 2048 gretiae
503 1962 876 2034 oxcv1¹.³coenobinm
902 1970 995 2034 beati
1016 1971 1129 2036 Bene·
1143 1991 1254 2032 soor.

181 2063 277 2143 dicti,
292 2065 386 2149 quod
399 2067 436 2131 in
450 2076 566 2133 monte
581 2068 727 2133 Cassino
743 2069 834 2132 idem
852 2077 951 2152 pater
964 2069 1129 2134 fundave-
1141 2041 1263 2182 ffli‘a

180 2172 247 2242 rat,
264 2183 287 2230 a
299 2165 439 2248 perfidis
454 2167 693 2250 Longobardis
706 2168 918 2234 destructum
940 2178 1004 2233 est.
1058 2170 1129 2233 Fu·
1141 2191 1232 2242 moysa

181 2264 318 2346 pientes
341 2267 459 2348 itaque
480 2287 525 2331 ex
546 2267 666 2335 codem
690 2267 768 2332 loco
792 2267 953 2333 monachi
979 2267 1128 2333 Romam

182 2364 369 2446 petierunt,
382 2367 548 2449 regulam,
569 2386 675 2451 quam
689 2367 780 2433 idem
797 2376 939 2432 sanctus
963 2367 1128 2447 ediderat,

180 2482 298 2531 eccum
315 2464 518 2531 deferentes.

229 2561 336 2630 Anno
350 2566 473 2646 gratioe
489 2583 644 2631 oxcvrrr.
661 2564 778 2631 floruit
796 2565 833 2629 in
849 2564 976 2629 Galliis
991 2565 1126 2647 Grego·
1141 2587 1248 2628 noso.

182 2662 265 2742 rins,
281 2663 466 2731 Toronicae
481 2665 633 2730 civitatis
650 2666 845 2748 episcopus,
861 2665 921 2747 qui
943 2684 988 2729 ex
1002 2658 1128 2730 ⁴Aver-

182 2762 260 2828 nico
286 2764 461 2829 territorio
494 2765 613 2829 attulit
643 2765 757 2829 sancti
792 2764 956 2848 reliquias
980 2763 1003 2828 J
1006 2765 1126 2828 uliani.

183 2860 310 2926 Eodem
335 2882 429 2927 anno
451 2874 592 2929 sanctus
611 2858 873 2940 ⁶Columhanus,
889 2863 1009 2928 doctor
1031 2863 1270 2928 Soot-norss.

181 2968 293 3027 toron
310 2970 346 3028 et
364 2962 553 3041 Pictorum,
568 2963 666 3040 obiit,
683 2965 744 3047 qui
759 2963 908 3045 posteris
925 2965 997 3027 suis
1019 2964 1129 3027 multa
1140 2936 1290 2976 mmmm*

181 3063 378 3127 sanctitatis
395 3063 601 3128 documenta
617 3063 766 3147 reliquit.

213 3220 391 3288 mooun«
411 3223 468 3287 eat]
496 3225 641 3287 Accordhrg
665 3224 716 3273 end
735 3223 859 3286 sigebert.
894 3223 949 3272 'l'he
964 3222 1131 3285 prophecyof

179 3298 205 3345 to
214 3294 308 3356 thorn,
318 3310 388 3358 upon
398 3295 441 3345 the
458 3296 523 3345 ieast
536 3295 566 3344 oi
573 3296 639 3344 Pen-
664 3294 707 3344 the
716 3294 865 3344 subversion
875 3295 905 3343 ot
911 3293 962 3342 this
977 3298 1128 3356 monastery,

179 3364 363 3426 tewctwhich
376 3365 592 3427 inthatyeorlell
607 3379 639 3413 on
664 3365 699 3426 by
721 3364 845 3414 Benedict
868 3362 979 3425 himself,
1001 3363 1024 3411 is
1046 3369 1073 3412 to
1095 3366 1126 3413 he

178 3435 282 3485 lucet.
318 3435 608 3498 seenedntomoee.
663 3432 743 3484 found
774 3435 801 3483 in
832 3433 966 3494 Mabillon,
990 3432 1084 3485 Annol.
1108 3436 1125 3483 i.

212 3501 440 3569 ’Archiepixopffl
454 3505 640 3567 Virgiliuswas
663 3519 689 3566 p.
702 3508 743 3554 06.

178 3573 238 3624 then
270 3574 422 3637 orchhishop
449 3575 478 3624 oi
501 3575 586 3636 Arles,
613 3580 639 3623 to
698 3572 708 3603 ⁴
730 3572 851 3624 Aoemico
878 3570 1035 3634 territoria]
1071 3571 1127 3621 Au·

177 3645 259 3694 whom
282 3644 398 3708 Gregory
420 3643 470 3694 had
493 3643 639 3706 previously
664 3657 765 3706 vergne.
800 3642 916 3704 Gregory
935 3643 1006 3704 gives
1028 3654 1060 3690 an
1084 3656 1126 3690 ac·

176 3716 277 3764 written
304 3716 331 3764 in
352 3715 518 3778 Augustioe'e
545 3714 638 3764 hehali.
663 3719 740 3778 count
760 3713 789 3763 os
807 3712 858 3762 this
876 3713 902 3760 in
920 3711 960 3760 his
980 3710 1045 3760 hoolr
1063 3711 1125 3760 ‘De

176 3784 304 3848 spelman,
324 3785 421 3835 concil.
438 3801 465 3848 p.
485 3788 526 3834 75.
562 3784 639 3846 Upon
662 3783 792 3832 miraculis
803 3781 1024 3843 S.Juliani‚'cop.
1037 3781 1124 3830 xxxiv.

175 3855 218 3905 the
236 3855 296 3905 date
314 3855 344 3904 oi
357 3854 522 3918 Augustine's
539 3854 638 3904 ordino·
663 3854 711 3903 See
730 3854 785 3903 also
804 3852 938 3914 Mobillon,
949 3851 1042 3901 Annei.
1062 3851 1080 3902 i.
1098 3867 1124 3912 p.

175 3927 226 3975 tion
243 3925 294 3975 and
310 3930 396 3974 return
411 3931 437 3974 to
454 3923 582 3986 England,
595 3939 638 3974 see
663 3927 721 3973 πθ.

176 3995 227 4048 hir.
238 3990 400 4045 Stevenson’s
417 4000 484 4055 noto,
496 3993 560 4044 Bed.
572 3995 586 4056 ς
597 4000 638 4046 58.
699 3991 904 4053 ‘casatorum
921 3990 974 4039 The
994 3990 1085 4039 author
1101 3989 1130 4038 oi

176 4064 223 4114 See
239 4064 295 4114 niso
313 4064 447 4127 Mobillon,
462 4064 556 4116 Annel.
576 4066 594 4114 i.
612 4080 639 4126 p.
663 4063 704 4112 his
722 4062 766 4111 lit'e
784 4063 809 4109 in
829 4061 871 4111 the
889 4060 957 4110 Nor.
977 4061 1039 4122 leg.
1059 4059 1127 4119 Cap·

174 4138 232 4185 24⁶.
665 4148 751 4195 grove,
771 4132 857 4194 places
878 4131 919 4180 his
937 4131 1013 4180 death
1035 4144 1067 4178 on
1086 4128 1127 4176 the

210 4201 382 4255 ’cmm
403 4204 468 4254 hecti
488 4203 639 4269 Benedicti]
664 4203 728 4253 eard
735 4199 1129 4265 December‚‘about'theyenr

175 4272 236 4324 'lhis
255 4274 278 4324 is
295 4275 351 4324 also
368 4273 489 4326 recorded
513 4276 547 4337 by
564 4275 640 4325 Aimo
665 4277 721 4325 tlt.
991 4345 1006 4389 ῃ

963 4353 978 4388 s
