2888 4852
364 365 450 430 xviii
754 383 925 431 sarraca.

202 566 257 628 nn.
268 567 312 607 sor.
363 539 539 622 produxit.
594 541 846 605 Exstinxerunt
863 540 955 603 sitim
971 537 1127 602 homines
1145 538 1313 618 infideles,

200 617 308 708 ilbi..
363 639 423 703 sed
440 639 552 703 adbuc
570 647 685 704 tamen
706 640 894 703 humanum
916 638 1118 720 sanguinem
1135 639 1310 703 sitiebant.

364 737 458 816 Quid
480 739 605 821 plurai
643 760 688 803 ex
710 740 803 803 omni
825 737 953 821 populo
975 737 1130 802 carnifex
1144 757 1234 802 unus
1252 739 1312 802 eli·

363 838 470 919 gitur,
495 838 555 920 qui
576 838 689 902 scelus
716 858 788 920 prae
812 838 971 901 omuibus
989 844 1224 920 perpetraret3
1254 838 1313 920 qui

364 956 447 1000 mox
469 937 611 1000 summis
627 937 758 1001 viribus
783 957 901 1001 ensem
922 936 1051 1000 librans
1073 937 1109 1000 in
1132 938 1312 1015 cervicem,

364 1054 433 1099 uno
463 1035 533 1099 ictu
556 1043 662 1118 caput
687 1037 849 1120 martyris
872 1036 1079 1118 amputavit,
1103 1036 1174 1109 sed,
1203 1037 1312 1101 oculis

364 1133 518 1198 ferientis
534 1134 636 1199 simui
651 1155 728 1200 cum
746 1137 860 1219 capite
878 1136 1041 1221 martyris
1060 1135 1097 1199 in
1114 1143 1240 1200 terram
1254 1156 1313 1200 ca·

365 1232 537 1310 dentibus,
560 1233 635 1316 ipse
657 1241 752 1300 totus
779 1235 926 1300 efficitur
951 1234 1163 1298 tenebrosus.
1216 1235 1313 1299 Crux

366 1351 461 1408 vero,
477 1351 581 1414 quarn
595 1332 651 1396 vir
671 1342 812 1398 sanctus
830 1334 963 1418 jugiter
986 1333 1023 1396 in
1043 1335 1202 1398 manibus
1224 1334 1313 1400 ferre

366 1439 605 1509 consueverat,
634 1432 726 1497 felici
751 1433 828 1516 jam
860 1452 981 1497 cruore
1012 1452 1181 1514 respersa,
1210 1452 1314 1517 super

366 1529 507 1621 herbam
530 1530 669 1609 decidit,
691 1552 836 1615 eamque
859 1531 1077 1597 Christianus
1098 1533 1238 1614 quidam
1257 1553 1314 1598 oc·

366 1620 466 1693 culte
481 1631 597 1712 rapuit
622 1638 659 1695 et
682 1632 923 1713 ignorantibus
950 1631 1096 1713 paganis
1122 1633 1313 1698 abscondit.

367 1728 447 1807 Quo
463 1727 568 1806 sacto,
579 1730 677 1794 miles
692 1731 878 1814 illaquam
892 1730 996 1813 paulo
1013 1738 1094 1794 aute
1109 1732 1313 1797 semivivum

365 1828 495 1910 pagani
518 1829 740 1913 reliquerant,
766 1831 903 1906 annisu,
925 1849 993 1911 quo
1016 1830 1140 1912 potuit,
1163 1838 1315 1896 montem

365 1928 526 1991 manibus
550 1930 719 2010 reptando
741 1929 951 1994 conscendit.
1003 1928 1104 1993 Tunc
1121 1931 1232 2013 judex
1251 1932 1315 1995 viri

366 2026 566 2091 vulneribus
595 2027 768 2093 insultans
801 2029 863 2106 ait,
886 2029 1065 2093 ‘Obsecra
1090 2049 1181 2094 nune
1206 2030 1317 2095 Alba-

367 2144 463 2203 num,
489 2133 529 2188 ut
551 2145 632 2191 ossa
652 2135 714 2192 tua
739 2128 900 2210 dignetur
921 2129 956 2191 in
978 2135 1107 2192 statum
1130 2128 1313 2212 pristinum

367 2223 577 2290 reformare!
629 2227 751 2308 ‘Ego,'
773 2228 897 2311 inquit,
920 2227 1057 2304 ‘credo,
1080 2228 1170 2311 quod
1191 2230 1315 2293 beatus

367 2324 539 2401 Albanus,
561 2326 634 2389 suis
656 2328 787 2392 sanctis
809 2327 950 2402 meritis,
973 2327 1056 2390 mihi
1078 2329 1205 2409 poterit
1226 2329 1316 2393 inte-

368 2443 466 2505 gram
491 2424 632 2488 reddere
659 2427 844 2492 sanitatem
868 2425 971 2492 etad
997 2427 1213 2491 clementiam
1240 2448 1317 2510 per-

368 2523 493 2588 ducere
514 2523 731 2590 Salvatoris.'
782 2526 881 2591 Tune
907 2534 1013 2607 caput
1033 2526 1195 2610 martyris
1218 2545 1316 2591 reve·

368 2633 485 2688 renter
502 2643 693 2702 assumens,
713 2624 867 2709 illudque
886 2625 1023 2707 corpori
1042 2625 1189 2690 devotus
1207 2645 1316 2708 appo-

369 2742 467 2799 nens,
492 2723 710 2806 desperatum
726 2725 879 2806 corporis
902 2724 1008 2787 robur
1022 2745 1225 2807 recuperare
1246 2745 1317 2792 coe·

368 2823 433 2905 pit,
455 2830 491 2888 et
507 2841 613 2889 sanus
631 2823 772 2888 effectus
788 2823 916 2888 Albani
940 2825 1099 2888 meritum
1118 2824 1317 2908 Christique

368 2923 572 3004 potentiam,
602 2923 696 2987 omni
725 2923 855 3005 populo
882 2921 1055 3000 audiente,
1085 2944 1154 2988 non
1183 2923 1317 2991 destitit

370 3021 569 3103 praedicare.
615 3021 750 3086 Deinde
774 3029 901 3087 terram
924 3023 1093 3104 aperiens,
1115 3023 1219 3088 humo
1241 3045 1317 3090 cor-

370 3139 435 3202 pus
452 3119 579 3184 Albani
595 3122 719 3202 operit,
736 3129 772 3185 et
787 3121 956 3185 tumulum
973 3121 1121 3205 desuper
1135 3123 1210 3206 ipse
1224 3145 1318 3189 com-

370 3220 480 3301 ponit.
533 3218 613 3297 Quo
634 3218 721 3296 viso,
743 3220 841 3284 miles
862 3220 921 3283 ille
947 3222 991 3285 ab
1020 3220 1177 3286 hostibus
1205 3226 1317 3288 crucis

371 3317 581 3401 apprehendi
598 3319 753 3402 jubetur,
768 3324 814 3396 et,
833 3318 933 3381 nimis
956 3319 1126 3385 horrendo
1148 3324 1317 3405 supplicio

371 3425 529 3483 sanctum
552 3416 645 3480 illius
672 3436 798 3499 corpus
822 3418 1066 3501 discerpentes
1090 3420 1134 3485 ad
1158 3422 1317 3488 ultimum

370 3523 477 3598 caput
499 3515 615 3597 gladio
641 3524 890 3598 amputarunt3
920 3518 1038 3601 sicque
1064 3520 1162 3585 miles
1188 3522 1258 3600 ille,
1282 3524 1318 3587 in

372 3614 438 3679 fide
454 3613 583 3679 Christi
602 3635 839 3698 perseverans,
855 3636 926 3681 una
943 3636 1022 3682 eum
1041 3619 1240 3687 beatissimo
1256 3621 1319 3687 Al-

371 3716 463 3778 bano
488 3733 617 3778 corona
638 3716 794 3798 martyrii
815 3717 941 3780 meruit
962 3717 1151 3782 sublimari.
1203 3720 1319 3787 Nocte

371 3813 479 3895 igitur
500 3813 668 3891 insecuta,
687 3815 764 3878 visa
785 3823 839 3880 est
852 3814 1012 3879 columna
1033 3816 1120 3881 lucis
1143 3839 1163 3882 e
1186 3823 1319 3886 tumulo

372 3913 465 3976 beati
497 3913 660 3997 martyris
688 3913 792 3978 caelos
823 3922 1014 3996 penetrare,
1042 3936 1104 3997 per
1129 3937 1229 3999 quem
1261 3921 1321 3985 de·

372 4011 574 4076 scandentes
597 4013 711 4095 angeli
736 4021 773 4077 et
797 4014 1022 4079 ascendentes
1047 4023 1181 4081 noctem
1210 4026 1319 4084 totam

372 4111 408 4173 in
424 4110 492 4175 Dei
516 4111 676 4176 laudibus
696 4112 921 4177 deducebant.
975 4114 1073 4180 Inter
1094 4124 1220 4182 caetera
1239 4141 1320 4186 vero
