2888 4852
400 444 540 495 rnoans
565 442 833 492 u1sroamauu.
1019 429 1086 494 35⁷

136 603 289 680 haberet,
301 604 414 686 legum
428 604 647 668 severitatem
660 602 813 680 subiret3
829 607 864 666 et
875 600 905 665 si
914 599 991 684 quis
1002 610 1084 669 ante

136 703 354 767 vadationem
369 704 423 767 vel
437 710 518 785 post
531 701 724 784 aufugeret,
736 721 854 766 omnes
865 720 910 764 ex
928 704 1084 767 centuria

135 802 210 884 ejus
227 812 262 866 et
279 803 411 866 decima
432 803 524 883 regis
543 802 707 865 mulctam
723 802 948 865 incurrerent.
1001 802 1082 868 Hoc

134 921 272 983 quoque
303 910 496 965 commento
521 920 641 983 pacem
666 900 792 964 infudit
818 901 1016 982 provinciis,
1041 910 1082 966 ut

133 1001 238 1064 etiam
253 1022 315 1084 per
333 1001 488 1082 publicos
508 1017 666 1082 aggeres,
684 999 742 1062 ubi
758 1001 890 1064 semitae
905 999 1082 1065 finduntur

134 1101 169 1163 in
188 1102 370 1181 quadrum,
387 1100 540 1163 armillas
552 1100 691 1183 juberet
714 1118 837 1162 aureas
860 1100 1021 1180 appendi,
1040 1109 1081 1165 ut

133 1200 300 1262 viantium
332 1199 533 1263 aviditatem
561 1199 749 1275 irritarent,
781 1218 859 1262 cum
891 1217 960 1261 non
989 1206 1081 1265 esset

131 1301 190 1382 qui
205 1319 264 1364 eas
282 1301 462 1381 abriperet.

182 1473 231 1534 Do
246 1471 404 1534 clementio
418 1471 498 1555 regie
513 1470 644 1555 Alsredi
659 1479 687 1534 et
693 1469 839 1554 salsitate
853 1473 1029 1538 Damam.

182 1593 285 1657 Anno
306 1595 447 1658 Domini
469 1588 841 1675 noccxc1u.¹pagani,
864 1596 924 1678 qui
947 1595 1077 1662 North·
1091 1613 1200 1656 ansa.

130 1693 368 1756 anhumbriam
407 1703 442 1757 et
473 1695 533 1775 qui
563 1692 817 1774 East-angliam
847 1666 1214 1776 incoluerunt,i1¹¹ir?it¹f”

131 1810 250 1872 pacem
271 1812 347 1856 cum
363 1793 506 1856 Alfredo
526 1812 607 1873 rege
619 1792 826 1875 juramentis
848 1800 884 1856 et
900 1794 1076 1861 obsidibus

129 1898 327 1955 statuerunt
340 1913 348 1969 ;
372 1892 444 1967 sed,
459 1898 561 1973 rupto
576 1892 715 1967 foedere,
725 1891 1000 1975 quandocunque
1017 1916 1077 1958 ex.

129 1991 256 2053 ercitus
279 2010 492 2072 paganorum
517 1991 552 2053 in
576 1989 702 2053 Cantia
724 1990 876 2053 residens
898 1993 1076 2074 praedandi

127 2108 234 2152 causa
256 2091 299 2152 de
322 2091 394 2152 suis
414 2089 661 2152 munitionibus
678 2090 798 2165 exivit,
818 2090 884 2172 ipsi
907 2110 983 2154 cum
1006 2093 1075 2158 illis

127 2188 183 2250 vel
208 2209 269 2269 per
292 2209 342 2265 se,
370 2190 564 2270 ubicunque
586 2195 772 2270 potuerunt
794 2189 931 2271 praedas
958 2211 1074 2272 agere,

126 2307 195 2350 non
219 2289 423 2367 cessabant3
451 2307 521 2372 quo
545 2288 697 2369 cognito,
722 2307 785 2350 rex
809 2286 973 2353 Alfredus
995 2309 1074 2356 cum

127 2388 282 2449 exercitu
313 2407 377 2451 suo
410 2387 569 2451 Cantiam
597 2386 830 2469 proficiscens,
867 2388 958 2451 inter
986 2388 1073 2455 duos

124 2505 340 2567 paganorum
369 2488 542 2551 exercitus
568 2492 834 2550 castrametatus
866 2495 932 2563 est,
959 2495 1010 2566 ut,
1042 2490 1073 2553 si

125 2585 213 2648 forte
236 2604 394 2668 campum
418 2587 568 2668 aliquem
597 2586 725 2667 praedae
753 2604 860 2648 causa
882 2586 937 2649 vel
961 2589 1072 2669 praelii

124 2692 292 2765 peterent,
312 2687 387 2768 ipse
409 2706 488 2749 cum
510 2686 559 2747 eis
586 2692 759 2748 certamen
785 2684 898 2747 iniret.
950 2685 1001 2751 At
1021 2686 1073 2750 illi

125 2802 215 2847 nunc
237 2794 426 2866 equestres,
449 2803 540 2846 nunc
564 2783 710 2865 pedites,
738 2781 976 2848 latrocinando
993 2786 1072 2849 illas

121 2891 240 2964 partes
258 2883 536 2966 frequentabant,
554 2882 613 2944 ubi
633 2882 725 2963 regis
740 2883 930 2945 exercitum
950 2886 1071 2949 abesse

123 2983 303 3063 sciebant;
331 2984 455 3066 quibus
478 2990 594 3046 tamen
617 3000 680 3044 rex
697 2981 822 3043 subitis
844 2999 937 3062 saepe
956 2984 1071 3047 incur-

124 3083 277 3146 sionibus
304 3083 460 3159 obvians,
482 3081 595 3145 caedes
618 3080 722 3144 infert
747 3080 916 3143 assiduas.
969 3081 1071 3147 Unde

124 3179 284 3244 (lantiam
311 3182 557 3263 relinquentes
587 3180 630 3243 ad
660 3178 870 3242 Hasteinum
895 3181 1071 3244 concivem

122 3297 233 3357 suum,
259 3282 320 3362 qui
343 3280 435 3362 apud
459 3278 711 3343 Middeltonam
734 3275 967 3360 hyemaverat,
990 3297 1072 3343 con-

122 3379 307 3460 fugerunt3
331 3399 419 3462 quos
444 3398 506 3442 rex
524 3377 669 3442 viriliter
692 3377 881 3454 insecutus,
904 3397 972 3441 non
995 3398 1069 3443 ces-

121 3480 214 3541 savit
236 3478 344 3542 donec
366 3480 460 3560 ipsos
483 3497 560 3541 cum
580 3476 753 3540 Hasteino
776 3476 879 3539 Dauo
905 3477 1069 3540 crudelis·

120 3578 208 3640 simo
233 3579 268 3641 in
288 3578 522 3659 municipium,
537 3575 630 3659 quod
645 3576 736 3639 idem
752 3574 945 3639 Hasteinus
960 3596 1071 3657 nuper

119 3676 245 3740 ibidem
268 3682 522 3751 construxerat,
540 3675 708 3740 violenter
730 3674 890 3751 intrusit;
914 3693 983 3755 quo
1007 3694 1070 3738 rex

120 3795 198 3839 cum
221 3777 448 3856 pervenisset,
469 3773 691 3855 municipium
715 3771 892 3835 obsidione
912 3773 1070 3850 vallavit,

120 3875 311 3955 erectisque
341 3875 526 3956 ingyrum
556 3872 737 3948 machinis,
766 3859 850 3933 illud
881 3870 1069 3953 subjugare

153 4090 161 4124 ¹
192 4093 298 4154 Pugnat,
328 4090 371 4154 qai
399 4087 580 4139 Nortbanlam·
605 4090 667 4139 Sax.
689 4087 784 4137 chron.
807 4086 858 4134 and
881 4087 1002 4135 Florouce
1029 4098 1070 4135 περ

119 4163 219 4225 briam]
242 4162 295 4210 The
313 4164 399 4211 events
417 4160 446 4209 of
461 4160 512 4208 this
529 4160 579 4208 aud
605 4157 698 4208 cor-ded
708 4156 860 4219 togetherin
871 4159 928 4207 894.

117 4235 159 4283 the
182 4233 312 4294 following
333 4244 395 4292 year
417 4245 459 4280 are
481 4231 515 4291 by
537 4228 579 4277 the
