2888 4852
317 396 361 458 to
573 408 707 456 noorai
731 410 777 455 nn
800 404 1007 454 wnunovna

319 587 397 632 cum
423 566 482 629 diu
515 573 550 629 et
574 566 698 629 acriter
722 583 875 646 pugnam
900 560 1163 648 commisissent,
1190 557 1268 620 Elle

320 687 397 731 cum
430 665 510 729 filiis
542 665 627 741 suis,
654 685 722 730 non
756 665 831 727 sine
857 660 1037 744 dispendio
1072 659 1269 733 Britonum,

320 784 479 848 campum
495 764 655 830 deseruit.
710 763 810 828 Misit
830 762 938 845 igitur
960 760 1036 824 Elle
1057 761 1094 823 in
1116 758 1267 841 patriam

321 885 421 930 suam
436 872 578 947 propter
593 864 758 948 majorem
773 863 908 944 copiam
926 867 1149 924 armatorum.

690 1037 784 1101 Felix
792 1055 892 1121 papa.

160 1184 270 1224 anna.
371 1161 476 1227 Anno
492 1161 616 1244 gratiae
638 1176 889 1225 ccccnxxxvr.
908 1152 1028 1222 'Felix
1043 1156 1133 1222 sedit
1154 1157 1190 1220 in
1212 1174 1271 1219 ca-

161 1234 260 1275 ⁸⁹¹¹¹¹¹'
322 1260 445 1325 thedra
469 1261 629 1327 Romana
660 1261 760 1324 annis
787 1266 879 1336 octo,
901 1258 1075 1322 mensibus
1099 1255 1269 1332 undecim,

322 1361 444 1425 diebus
472 1360 719 1443 septendecim,
754 1367 790 1423 et
830 1359 980 1423 cessavit
1015 1357 1113 1421 sedes
1147 1355 1270 1419 diebus

323 1478 487 1542 qumque.

369 1633 519 1699 Aureliae
533 1633 668 1698 Sococes
681 1633 871 1818 agdpqpqqnom
879 1650 1051 1718 provocarer
1066 1628 1228 1694 Memora

778 1742 826 1797 tos
839 1741 891 1796 cet.

162 1876 272 1920 aner.
373 1855 477 1921 Anno
502 1857 625 1940 gratiae
651 1871 917 1920 ococnxxxvu.
935 1853 1099 1920 Aurelius
1121 1852 1271 1918 Ambro-

162 1929 311 2029 ffliinoi'
324 1956 408 2032 sius,
447 1957 600 2019 maxima
637 1956 820 2020 Britonum
855 1953 1075 2019 multitudine
1113 1953 1272 2029 collecta,

162 2027 296 2069 *mm
325 2056 482 2120 Saxones
497 2055 541 2118 ad
555 2075 708 2137 pugnam
722 2073 911 2139 provocare
927 2053 1106 2135 disposuit.
1159 2052 1271 2116 Exer-

325 2155 431 2218 citum
456 2155 574 2236 itaque
604 2174 704 2218 suurn
725 2149 862 2219 ²versus
888 2153 1085 2237 aquilonem
1106 2152 1271 2233 dirigens,

325 2253 537 2334 Hengistum
552 2274 629 2317 cum
646 2254 719 2318 suis
737 2253 935 2318 Saxonibus
958 2260 1054 2317 trans
1073 2250 1271 2315 Humbrum

325 2352 468 2416 invenit.
526 2352 719 2436 Hengistus
741 2373 824 2418 vero
847 2372 924 2417 cum
949 2353 1135 2417 adventum
1159 2352 1270 2434 ipsius

325 2453 561 2534 comperisset,
589 2453 743 2536 perrexit
762 2452 927 2517 audacter
945 2452 980 2515 in
1006 2452 1154 2528 obviam,
1177 2459 1214 2515 et
1235 2451 1270 2515 in

164 2570 267 2611 noceor
325 2569 459 2634 campo,
475 2553 534 2633 qui
548 2552 710 2616 Maisbeli
719 2553 920 2629 vocabatur,
935 2571 1004 2634 quo
1016 2549 1180 2615 Aurelius
1195 2558 1270 2615 erat

163 2621 272 2670 '‘m''
326 2652 544 2728 transiturus,
560 2652 713 2715 subitum
731 2659 836 2733 atque
849 2651 1015 2716 furtivum
1036 2651 1202 2733 impetum
1218 2650 1270 2714 fa·

326 2768 402 2813 cere
419 2750 596 2827 affectam,
612 2751 775 2815 Britones
794 2770 861 2815 non
875 2750 1131 2833 praemeditatos
1153 2748 1271 2831 dispo·

324 2848 396 2913 suit
428 2868 618 2932 occupare3
654 2850 746 2932 quod
776 2858 890 2914 tamen
913 2848 1095 2914 Aurelium
1123 2868 1192 2913 non
1219 2837 1271 2913 la-

325 2948 404 3025 tuit,
421 2968 484 3013 nec
506 2949 634 3014 idcirco
656 2968 814 3033 campum
833 2949 968 3013 distulit
983 2948 1089 3012 odire.
1142 2947 1270 3030 Dispo-

324 3046 401 3110 sitis
414 3047 550 3111 tandem
574 3049 611 3112 in
634 3056 780 3131 utraque
799 3056 899 3131 parte
916 3049 1078 3126 catervis,
1091 3048 1272 3130 congredi·

325 3153 431 3210 untur
445 3148 550 3225 acies,
564 3166 790 3230 cruoremque
804 3168 873 3211 non
895 3149 1073 3212 minimum
1088 3147 1271 3230 utrobique

324 3244 543 3325 diffundunt;
573 3246 652 3310 hinc
677 3246 852 3324 Britones,
877 3247 972 3312 illinc
1000 3246 1172 3324 SaxoneS,
1194 3247 1271 3311 vul·

325 3345 435 3407 nerati
464 3345 666 3408 moriuntur.
720 3346 867 3410 Demum
896 3366 1034 3429 quoque
1061 3365 1139 3410 cum
1172 3345 1271 3411 Hen-

325 3442 438 3523 gistus
454 3443 567 3508 socios
590 3463 673 3509 suos
693 3447 914 3510 succumbere
938 3446 1026 3510 vidit
1042 3446 1272 3528 Britonesque

359 3694 475 3757 'Felix.]
496 3698 568 3748 Felix
589 3699 627 3749 11.
664 3699 706 3748 He
724 3699 783 3749 died
810 3701 943 3753 Chronicle
965 3704 988 3752 is
1015 3704 1154 3766 altogether
1181 3704 1272 3765 silent3

324 3769 356 3814 24
368 3766 429 3816 Feb.
441 3771 497 3817 492.
809 3772 859 3819 and
879 3773 1011 3821 Marianus
1022 3774 1113 3823 scotus
1131 3772 1180 3822 and
1200 3774 1272 3824 will.

359 3833 473 3885 'Versus
493 3831 649 3905 aquierere]
672 3838 725 3887 The
742 3854 784 3889 oc-
809 3840 968 3904 Melmsbury
985 3857 1053 3892 seem
1072 3849 1098 3892 to
1119 3843 1198 3905 imply
1216 3844 1271 3893 that

323 3910 399 3953 count
409 3905 438 3954 os
445 3906 495 3954 this
505 3907 622 3957 northern
629 3909 784 3970 expedition,
809 3909 925 3973 Hengest
930 3913 990 3961 died
1001 3928 1018 3961 a
1027 3913 1126 3963 natural
1135 3912 1222 3974 death,
1230 3928 1272 3963 ac·

323 3975 385 4022 with
396 3975 438 4024 the
450 3990 580 4025 successes
591 3976 620 4025 ol
625 3977 783 4039 Ambrosius,
808 3981 912 4042 cording
934 3986 960 4030 to
987 3982 1030 4031 the
1058 3983 1133 4031 latter
1160 3984 1186 4031 in
1212 3986 1271 4045 488,

322 4044 371 4092 und
384 4044 425 4092 the
443 4044 519 4093 death
531 4045 560 4094 ol
571 4045 696 4108 Hergest,
707 4048 783 4096 Wen·
807 4049 954 4110 thirty-nine
974 4066 1048 4112 years
1069 4053 1134 4101 aster
1155 4051 1195 4101 his
1218 4054 1271 4101 first

321 4113 398 4161 dover
409 4114 455 4162 has
466 4116 542 4163 talen
553 4115 614 4163 from
627 4117 745 4178 Geollrey
757 4118 786 4166 os
808 4120 899 4168 arrival
923 4121 948 4168 in
971 4122 1076 4171 Britain.
1113 4122 1159 4170 See
1176 4123 1270 4185 Spced,

323 4182 478 4234 blonnrouth.
516 4184 590 4246 Upon
607 4187 626 4233 it
644 4185 782 4236 deseror
808 4188 901 4240 Chron.
915 4193 987 4252 loll,
997 4206 1024 4252 p.
1036 4195 1092 4240 tol.
