2888 4852
322 374 388 440 168
575 390 710 438 aocnru
733 390 781 438 nn
803 389 1010 439 wnunovnr

324 548 517 630 subrogati,
531 549 627 613 Bosa
643 549 815 627 videlicet,
831 550 891 632 qui
906 548 1102 623 Deberem,
1116 552 1152 610 et
1167 543 1274 608 Eatta

325 649 385 731 qui
411 648 661 727 Berniciorum,
692 651 904 733 provinciam
939 649 1184 730 gubernarent,
1217 644 1275 708 hic

324 750 361 812 in
376 749 518 813 civitate
533 750 756 827 Eboracensi,
777 750 837 814 ille
858 750 894 813 in
917 745 1193 831 Hegustaldensi
1215 764 1274 809 ec·

325 849 431 913 clesia
443 849 559 913 sedem
576 850 754 929 habentes,
766 851 868 914 ambo
882 848 926 913 de
940 846 1186 912 monachorum
1201 844 1274 909 col-

325 948 417 1031 legio
438 958 522 1014 sunt
545 949 688 1030 adsciti;
718 970 796 1015 cum
819 949 945 1033 quibus
971 956 1007 1013 et
1029 945 1214 1012 Eadhedus
1236 945 1274 1009 in

325 1049 538 1131 provinciam
562 1049 848 1127 Lindisfarorum,
863 1068 966 1132 quam
995 1067 1105 1131 nuper
1119 1065 1183 1110 rex
1202 1045 1274 1128 Eg·

216 1234 219 1239 Ι
326 1148 447 1227 fridus,
464 1149 598 1215 Wlfero
613 1149 823 1215 Merciorum
846 1169 927 1232 rege
939 1148 1062 1231 fugato
1079 1147 1167 1212 etin
1181 1145 1275 1210 bello

325 1257 501 1333 superato,
529 1251 738 1328 obtinuerat,
768 1250 952 1334 episcopus
984 1248 1174 1314 ordinatur.
1227 1245 1275 1311 Et

326 1349 418 1414 hunc
450 1348 587 1433 quidem
623 1350 770 1434 primum
806 1351 1007 1434 episcopum
1042 1347 1105 1412 illa
1138 1345 1274 1429 accepit

326 1450 516 1532 provincia,
537 1451 724 1516 secundum
750 1450 995 1527 Ethelwinum,
1017 1448 1156 1514 tertium
1180 1445 1275 1510 Ead-

326 1568 461 1631 garum,
483 1558 643 1633 quartum
669 1550 910 1628 Kinebertum,
924 1569 1026 1633 quern
1048 1549 1085 1611 in
1108 1546 1275 1631 praesenti

326 1649 439 1714 habet.
493 1650 658 1715 Habebat
672 1651 763 1715 enim
777 1659 858 1715 ante
874 1649 1075 1714 Eadhedum
1090 1646 1275 1730 praesulem

326 1748 528 1828 Sexwhum,
556 1751 616 1833 qui
642 1751 747 1816 etiam
773 1750 983 1817 Merciornm
1004 1768 1047 1814 ac
1071 1747 1275 1812 mediterra-

325 1870 467 1914 neorum
494 1849 688 1933 Anglornm
717 1851 819 1915 simul
847 1851 1029 1934 episcopus
1062 1847 1148 1928 fuit3
1180 1848 1275 1912 unde

324 1958 359 2014 et
376 1951 543 2033 expulsus
560 1951 602 2015 de
617 1950 790 2029 Lindissa,
810 1952 847 2014 in
865 1952 1003 2015 illarum
1018 1948 1274 2034 provinciarum

324 2050 492 2130 regimine
516 2053 717 2134 permansit.
770 2051 929 2116 Ordinati
955 2056 1037 2114 sunt
1056 2056 1171 2113 autem
1199 2048 1274 2130 epi·

325 2150 421 2233 scopi
463 2150 601 2234 praefati
637 2170 659 2214 a
690 2151 874 2216 Theodoro
910 2150 1181 2232 archiepiscopo,
1211 2148 1274 2230 qui

325 2250 429 2313 etiam
447 2258 527 2332 post
540 2258 611 2314 tres
634 2270 744 2315 annos
761 2252 989 2316 abscessionis
1003 2249 1168 2326 Wilsridi,
1186 2248 1275 2312 duos

325 2349 458 2413 addidit
475 2351 667 2434 episcopos,
687 2352 731 2415 ad
754 2352 934 2416 ecclesiam
953 2349 1274 2432 Hagustaldensem

269 2481 271 2486 .
325 2448 552 2529 Tonbertum,
567 2459 741 2515 remeante
758 2452 866 2515 Eatta
882 2450 926 2515 ad
944 2448 1274 2526 lindisfarnensem,

325 2555 361 2611 et
372 2548 597 2614 Truuwinum
612 2551 656 2615 ad
670 2552 881 2633 provinciam
898 2550 1086 2627 Pictorum,
1097 2569 1176 2632 quae
1191 2557 1276 2613 tunc

324 2649 489 2731 temporis
505 2648 700 2732 Anglorum
718 2658 794 2715 erat
807 2652 951 2734 imperio
965 2650 1164 2734 subjugata.
1206 2649 1276 2713 Eo-

162 2761 311 2813 Aouoroe·
324 2748 401 2812 dem
418 2752 510 2814 anno
525 2743 680 2832 ¹Agatho
693 2750 783 2816 sedit
800 2752 836 2814 in
852 2750 1017 2815 cathedra
1035 2749 1197 2814 Romana
1214 2768 1277 2813 an·

325 2848 379 2912 nis
392 2849 539 2929 duobus,
553 2851 727 2916 mensibus
741 2871 817 2929 sex,
832 2851 953 2915 diebus
966 2851 1128 2934 quinque.

579 3026 753 3111 Wilsrt’due
761 3027 868 3113 peryit
884 3028 1025 3092 Romom.

160 3160 302 3254 {gumoe-
374 3144 504 3212 Pulsus
516 3158 631 3214 autem
641 3150 824 3215 Wilsridus
839 3143 1274 3235 abepiscopatu²Romam

262 3242 268 3254 '
323 3248 488 3328 perrexit,
508 3256 544 3313 et
567 3269 682 3314 cotem
707 3270 799 3334 papa
823 3249 1007 3334 Agathone
1032 3271 1173 3316 causam
1200 3269 1274 3315 suae

323 3346 540 3427 expulsionis
566 3350 718 3432 allegare
744 3351 936 3433 disposuit;
972 3352 1033 3416 sed
1067 3352 1127 3415 nbi
1149 3370 1273 3415 navem

323 3447 536 3525 conscendit,
553 3449 709 3514 Favonio
724 3450 844 3528 flante,
860 3450 896 3514 in
916 3452 1072 3516 Fresiam
1095 3450 1272 3535 projectus

322 3551 388 3620 est,
404 3546 463 3609 ubi
478 3549 639 3629 gentibus
654 3550 804 3631 regionis
823 3550 917 3615 illius
932 3553 1075 3617 verbum
1091 3551 1171 3614 fidei
1183 3570 1275 3634 prae·

323 3642 481 3722 dicando,
505 3668 621 3730 regem
636 3648 853 3732 Aldegilsum
876 3659 912 3715 ct
934 3651 1100 3735 populum
1121 3650 1197 3735 ejus
1221 3651 1275 3715 la·

321 3761 427 3807 vacro
457 3747 568 3812 abluit
596 3749 754 3814 salutari.
808 3750 864 3814 Ibi
898 3771 981 3833 ergo
1010 3752 1165 3835 hyemem
1195 3770 1274 3816 cum

321 3861 414 3907 nova
436 3845 503 3910 Dei
527 3849 628 3931 plebe
654 3868 836 3933 peragenS,
863 3850 1012 3915 Romam
1037 3852 1176 3916 tandem
1196 3870 1275 3934 per·

320 3945 428 4024 venit,
452 3966 493 4010 ac
519 3950 577 4013 nbi
598 3969 713 4013 coram
729 3948 918 4033 Agathone
942 3951 1018 4035 ejus
1039 3970 1147 4015 causa
1162 3951 1276 4016 venti·

352 4121 360 4152 ¹
376 4126 496 4192 Agatha]
512 4130 657 4195 According
668 4138 694 4181 to
706 4133 782 4194 Pagi,
843 4130 962 4182 'Romam
969 4135 1101 4200 perruxit]
1111 4136 1183 4185 From
1192 4137 1275 4201 Beda,

317 4194 349 4244 ue
360 4196 420 4247 ‹ueu
434 4203 466 4249 io
476 4201 536 4251 san.
548 4205 612 4252 esa:
629 4203 662 4252 au
677 4218 718 4254 an.
731 4201 744 4269 t
756 4207 781 4252 a.
809 4200 892 4268 tus,
902 4208 959 4255 ua
