2888 4852
342 383 408 476 318
600 397 734 446 noanon
760 398 806 445 un
829 394 1035 444 wnunovnn

343 558 393 621 sis
409 555 550 639 praesul,
564 555 731 640 martyrio
753 561 939 619 coronatus
964 559 1030 628 est,
1051 550 1108 614 cui
1126 547 1294 614 successit

346 651 578 736 ¹Ethelhegus
591 655 627 718 in
642 657 892 738 episcopatum,
909 653 964 717 vir
977 652 1014 715 in
1034 652 1137 715 rebus
1153 648 1293 715 ecclesi·

346 756 465 821 asticis
481 755 648 819 eruditus.

457 927 506 991 Do
522 925 713 991 coronatione
727 932 755 989 o
765 921 942 1009 qeoeoloqio
956 921 1088 1006 Alsrodi
1101 922 1191 1007 renio.

188 1067 313 1111 mentor
406 1050 537 1116 Eodem
573 1068 665 1113 anno
706 1068 769 1113 rex
811 1047 1075 1112 occidentalium
1118 1045 1297 1110 Saxonum

188 1120 281 1161 ΛΕΜ
352 1149 558 1215 Etheiredus
591 1143 702 1213 ²nouo
735 1146 903 1211 kalendas
936 1146 1024 1210 Maii
1054 1146 1144 1209 diem
1172 1145 1298 1208 clausit

351 1258 567 1328 extremum3
597 1267 679 1332 quo,
707 1248 802 1329 regio
827 1265 934 1324 more,
959 1246 1052 1328 apud
1068 1245 1297 1309 Winburnam

351 1349 502 1432 sepulto,
518 1347 684 1413 Alfredus
700 1346 808 1410 frater
823 1345 912 1429 ejuS,
936 1346 996 1429 qui
1016 1345 1113 1428 prins
1132 1344 1255 1409 Romae
1277 1363 1301 1407 a

352 1468 445 1533 papa
471 1448 587 1513 Leone
611 1465 773 1511 coronam
797 1453 997 1529 susceperat
1013 1445 1192 1527 attegiam
1214 1462 1299 1507 unc·

354 1549 496 1624 tionem,
512 1547 618 1612 totius
642 1546 740 1627 regni
764 1546 869 1622 illiue,
892 1564 971 1610 oum
991 1563 1126 1608 summa
1146 1544 1300 1607 omnium

355 1648 551 1713 accolarum
566 1647 702 1723 laetitia,
718 1645 953 1728 gubernacula
965 1645 1129 1727 suscepit.
1181 1643 1301 1726 Hujus

355 1747 462 1829 igitur
475 1746 567 1828 regis
578 1745 817 1828 genealogiam
827 1752 961 1809 veteres
972 1744 1211 1808 adscendendo
1223 1750 1303 1806 tex·

355 1854 466 1923 entes,
493 1845 538 1910 ad
563 1845 739 1911 Christum
761 1863 871 1927 usque
898 1843 1146 1927 perduxerunt.
1197 1836 1303 1906 ³Ernt

356 1954 472 2011 autem
496 1964 559 2009 rex
574 1943 739 2009 Alfredus
753 1939 931 2009 Athelwifi
954 1944 1072 2024 magni
1094 1942 1186 2024 regis
1211 1943 1304 2006 occi-

356 2045 546 2110 dentalium
569 2044 746 2109 Saxonum
770 2043 874 2121 filius,
899 2041 960 2126 qui
982 2042 1049 2106 fuit
1066 2041 1221 2124 Εςὺεηί,
1244 2041 1305 2123 qui

357 2144 424 2209 suit
446 2143 644 2220 Alcmundi‚
666 2144 725 2225 qui
757 2142 824 2207 suit
846 2141 955 2215 Easae,
983 2143 1043 2225 qui
1071 2141 1137 2206 fuit
1160 2141 1305 2224 Eoppae‚

358 2244 419 2326 qui
444 2242 511 2308 fuit
536 2242 666 2325 Ingild,
692 2243 751 2324 qui
775 2241 841 2318 fuit
863 2241 971 2306 frater
997 2241 1093 2320 Iuae3
1122 2241 1181 2322 qui
1203 2242 1308 2304 ambo

358 2343 498 2406 suerunt
518 2342 580 2405 filii
603 2341 757 2417 Koured,
780 2342 840 2423 qui
861 2342 927 2406 fuit
942 2340 1143 2418 Ceolwaldi,
1159 2339 1220 2422 qui
1241 2340 1307 2403 suit

361 2441 551 2517 Cuthwini,
580 2441 640 2523 qui
670 2441 737 2505 fuit
769 2439 939 2517 Ceaulini,
970 2440 1030 2523 qui
1057 2439 1124 2504 suit
1151 2439 1308 2515 Kenrici,

361 2541 421 2623 qui
446 2540 512 2604 fuit
539 2538 718 2617 Creoddae,
743 2539 805 2622 qui
826 2540 892 2606 fuit
909 2539 1064 2618 Cerdici3
1087 2540 1153 2604 iste
1176 2539 1308 2622 primus

361 2660 407 2704 ex
422 2639 548 2722 Anglis
567 2639 604 2703 in
625 2659 731 2722 regno
754 2639 1016 2705 occidentalium
1033 2639 1210 2704 Saxonum
1230 2659 1308 2721 reg·

361 2740 471 2804 navit.
523 2738 688 2804 Cordicus
710 2739 776 2803 fuit
798 2740 890 2803 filius
913 2739 1038 2815 Elesae‚
1065 2740 1125 2821 qui
1148 2738 1215 2803 suit
1237 2737 1309 2802 Ge-

361 2840 456 2904 wisae
482 2840 623 2921 reginae,
645 2838 688 2902 de
709 2858 780 2920 qua
804 2840 943 2921 quidam
967 2839 1150 2904 Britonum
1172 2839 1308 2921 generis

362 2939 428 3002 sibi
466 2939 681 3003 nobilitatem
718 2946 899 3020 usurpant.
956 2937 1097 3003 Gewisa
1136 2938 1207 3001 filia
1245 2939 1310 3002 fuit

364 3036 487 3116 Genii,
511 3039 571 3120 qui
598 3038 663 3102 suit
689 3037 835 3119 Wingii,
859 3040 920 3121 qui
944 3037 1011 3103 fuit
1042 3038 1226 3113 Freawini,
1248 3039 1308 3120 qui

363 3137 429 3202 fuit
453 3137 667 3219 Frethegari,
699 3138 759 3219 qui
788 3138 854 3202 fuit
877 3137 1032 3214 Broaud,
1056 3138 1116 3220 qui
1139 3137 1205 3201 fuit
1229 3138 1310 3200 Bel·
1343 3171 1344 3174 ¹

363 3237 457 3318 dagi,
486 3238 547 3320 qui
578 3236 644 3300 fuit
667 3236 835 3316 Wodeni3
872 3238 951 3302 huie
983 3245 1116 3302 veteres
1149 3245 1310 3321 quartam

364 3336 484 3400 seriam
510 3336 767 3412 dedicaverunt,
781 3355 884 3418 quam
902 3337 945 3401 de
960 3338 1096 3401 nomine
1111 3337 1187 3421 ejus
1205 3337 1312 3401 ‘Wo-

317 3489 321 3498 .
365 3435 562 3518 denesday,’
585 3435 620 3498 id
647 3441 713 3511 est,
727 3440 736 3468 ‘
750 3435 838 3499 diem
855 3436 1028 3513 Wodeni,'
1055 3439 1311 3519 nuncupabant.

366 3534 547 3599 Wodenus
561 3534 627 3598 suit
642 3533 733 3597 filius
752 3535 983 3612 Frethewold,
1001 3536 1061 3619 qui
1078 3537 1142 3601 suit
1160 3537 1310 3609 Freolas‚

366 3635 426 3717 qui
449 3634 513 3698 suit
539 3633 736 3711 Frethewlf‚
757 3635 817 3716 qui
842 3636 908 3699 suit
929 3636 1045 3712 Finni‚
1062 3636 1122 3718 qui
1149 3637 1215 3700 fuit
1241 3636 1311 3699 Go-

404 3826 411 3858 ¹
425 3828 596 3891 notatione]
612 3829 651 3877 Of
667 3828 709 3876 the
724 3829 784 3877 time
801 3844 830 3878 or
854 3828 904 3890 day
916 3829 945 3878 oi
953 3830 992 3878 hie
1003 3830 1088 3891 death,
1104 3830 1218 3878 thenath
1232 3830 1315 3892 April.

367 3899 517 3949 mainherus
535 3899 575 3947 his
592 3899 667 3948 death
686 3899 789 3961 nothing
806 3901 829 3948 ie
888 3897 974 3947 ³Erot
995 3904 1075 3948 anetem
1103 3916 1148 3948 rex
1171 3899 1315 3964 disteden]

367 3969 469 4018 huown.
853 3969 915 4018 'I'his
934 3969 1053 4031 pedigree
1073 3971 1095 4018 is
1114 3969 1168 4018 also
1186 3970 1264 4018 found
1289 3971 1314 4019 in

405 4037 501 4087 *Nono
522 4040 636 4087 kolcndoe
658 4038 752 4101 nteit]
775 4038 828 4087 The
854 4039 895 4087 the
925 4040 985 4088 Sax.
1012 4040 1104 4088 Chron.
1134 4040 1166 4088 ad
1194 4055 1234 4088 nn.
1257 4045 1315 4099 855,

367 4108 529 4158 saecum.
537 4108 587 4157 und
595 4109 673 4156 Aeser
680 4123 726 4169 say
735 4108 828 4169 merely
855 4109 1023 4170 Malmebury,
1041 4111 1130 4171 Aeser,
1146 4110 1316 4171 Ethelwenrd,

363 4180 372 4206 ⁴
384 4184 442 4240 post
453 4179 554 4229 Pascha
564 4174 578 4238 ;‘
587 4177 778 4227 Florenceadds
786 4177 828 4226 the
853 4179 903 4227 and
916 4178 1043 4228 Florence.
