2888 4852
451 435 589 484 rnoans
615 435 883 486 urs'roruaauu.
1077 424 1143 488 805

190 611 283 670 num,
310 613 387 657 cum
410 596 486 677 ipso
511 596 767 678 frequentaret3
794 604 869 661 erat
894 597 984 659 enim
1010 599 1139 661 tamin

189 694 419 775 aucupatione
451 714 554 775 quam
586 695 621 757 in
657 697 834 759 venatorio
864 695 1029 760 exercitio
1060 716 1141 777 gra-

188 793 310 868 tiosus,
326 793 414 857 unde
438 795 473 856 in
496 795 618 857 avibus
635 796 736 858 simul
762 814 803 858 ac
820 796 939 858 bestiis
962 797 1138 878 capiendis

188 911 251 974 pro
272 900 354 956 voto
378 893 409 955 ei
436 894 551 956 omnia
580 894 831 972 succedebant3
860 894 1018 976 capiebat
1042 897 1137 977 quic-

187 991 270 1073 quid
286 991 425 1056 volebat
441 1000 476 1056 ct
496 1012 649 1055 mensam
674 994 766 1075 regis
791 993 1044 1057 delicatissimis
1067 993 1134 1058 fer-

187 1089 274 1154 culis
304 1111 459 1174 persaepo
484 1091 630 1156 ditabat.
683 1093 828 1156 Etcum
851 1093 974 1157 fuisset
997 1113 1018 1156 a
1041 1113 1134 1176 rege,

186 1198 289 1271 prout
306 1190 382 1274 ejus
401 1191 578 1273 gentilitas
593 1192 760 1274 permisit,
776 1191 934 1269 dilectus,
950 1195 1057 1275 coepit
1074 1213 1134 1258 ve·

186 1297 287 1353 nator
304 1291 396 1371 regis
422 1291 454 1354 ei
475 1292 629 1372 graviter
652 1291 817 1368 invidere,
835 1312 898 1374 pro
921 1312 962 1356 eo
979 1292 1072 1374 quod
1098 1294 1134 1357 in

186 1389 317 1452 artibus
344 1390 517 1472 praedictis
545 1391 658 1473 ipsum
685 1391 721 1452 in
746 1391 904 1453 omnibus
935 1393 1133 1473 superabat,

185 1494 221 1552 et
238 1489 374 1552 mortali
400 1489 530 1553 invidia
546 1497 668 1553 contra
682 1488 915 1553 Lothbrocum
935 1510 1134 1569 succensus,

185 1587 334 1669 quadam
362 1588 416 1651 dio
439 1588 519 1651 dum
536 1596 698 1652 venatum
724 1589 854 1671 pariter
878 1589 979 1665 irent,
1004 1590 1132 1655 surtivo

184 1687 314 1770 impetu
336 1687 372 1750 in
395 1707 472 1751 eum
489 1687 592 1765 facto,
607 1688 719 1770 ipsum
738 1689 894 1770 nequiter
910 1688 1080 1753 interfecit
1098 1698 1133 1755 et

183 1786 219 1849 in
244 1787 413 1851 densitate
435 1788 584 1850 nemoris
601 1788 817 1851 intersectum
836 1787 1038 1867 abscondit3
1062 1808 1132 1872 quo

185 1885 288 1964 sacto,
306 1886 446 1950 recessit
463 1894 609 1950 venator
630 1887 859 1969 nequissimus
878 1895 914 1951 et
930 1906 1033 1951 canes
1055 1907 1131 1952 cor·

184 1985 330 2050 nicaudo
354 1985 398 2049 ad
425 1986 627 2050 sevocavit.
681 1986 863 2051 Nutrierat
885 1994 1001 2050 autem
1024 1986 1131 2050 Loth·

185 2086 309 2149 brocus
327 2085 534 2168 leporarium
551 2086 721 2167 quendam
748 2086 784 2149 in
810 2086 907 2149 curia
930 2087 1021 2167 regis
1038 2086 1130 2151 Ead-

184 2185 314 2262 mundi,
339 2185 399 2266 qui
420 2185 544 2267 ipsum,
563 2193 601 2249 ut
619 2186 693 2250 fieri
719 2185 819 2262 solet,
833 2186 979 2248 multum
996 2184 1131 2264 dilexit,

183 2292 230 2360 et,
246 2293 410 2348 venatore
432 2303 509 2346 cum
532 2286 666 2347 caeteris
689 2285 833 2347 canibus
860 2283 1051 2362 recedente,
1073 2285 1132 2349 ille

183 2383 278 2447 solus
294 2403 371 2447 cum
388 2403 530 2465 corpore
545 2383 673 2446 domiui
684 2383 738 2446 sui
753 2384 927 2447 remansit.
980 2382 1023 2446 ln
1037 2403 1131 2447 cras·

183 2483 256 2546 tino
270 2503 407 2566 quoque
431 2502 508 2545 curn
532 2502 593 2546 rex
609 2482 742 2547 sederet
760 2483 803 2547 ad
820 2503 974 2547 mensam
989 2491 1025 2546 et
1040 2483 1131 2547 inter

183 2590 327 2646 caeteros
351 2582 599 2646 commilitones
622 2581 855 2647 Lothbrocum
884 2602 951 2646 non
974 2582 1129 2660 vidisset,

183 2683 345 2764 quaesivit
360 2684 563 2764 propensius
584 2702 605 2745 a
626 2682 802 2760 ministris,
820 2681 902 2765 quid
924 2682 967 2744 de
989 2681 1049 2745 illo
1071 2701 1129 2747 ac-

183 2788 255 2844 tum
294 2781 441 2859 fuisset3
482 2783 537 2844 cui
574 2782 785 2865 respondens
817 2786 962 2844 venator
994 2781 1129 2845 Bernus

182 2880 283 2957 dixit,
299 2881 391 2963 quod
415 2880 469 2943 die
491 2881 663 2958 hesterna,
680 2899 758 2944 cum
780 2880 822 2942 de
838 2887 966 2944 venatu
990 2879 1129 2943 domum

182 2980 319 3058 rediret,
336 2982 410 3064 ipse
434 2981 599 3045 remansit
618 2980 653 3042 in
671 2980 760 3042 silva
781 2985 861 3061 post
877 2997 954 3042 aum
972 2986 1018 3055 et,
1036 2979 1129 3060 quod

181 3099 260 3143 eum
276 3088 398 3162 postea
413 3099 481 3143 non
500 3080 636 3156 viderit,
652 3078 850 3161 profitetur;
874 3077 935 3141 sed
949 3078 1010 3142 vix
1025 3079 1131 3142 verba

182 3179 426 3263 compleverat,
441 3186 476 3242 et
492 3199 570 3242 ecce
595 3177 798 3260 leporarius,
813 3196 915 3259 quem
936 3176 1128 3241 nutriverat

182 3278 411 3355 Lothbrocus,
434 3280 562 3361 regiam
580 3277 750 3361 [domum]
772 3277 947 3359 ingressus
969 3275 1127 3340 omnibus

181 3387 216 3443 et
234 3380 383 3443 maxime
406 3379 479 3459 regi
504 3378 667 3442 adulante
694 3376 805 3441 cauda
827 3374 1036 3458 applaudere
1053 3383 1127 3439 sat·

181 3481 334 3560 agebat3
375 3497 475 3560 quem
510 3499 571 3542 rex
604 3497 682 3541 cum
718 3474 874 3552 vidisset,
908 3475 1126 3539 adstantibus

181 3578 281 3654 dixit,
300 3585 308 3612 ⁶
324 3577 437 3653 Ecce,'
452 3579 576 3659 inquit,
590 3585 600 3612 ‘
613 3578 710 3641 canis
733 3575 920 3639 Lothbroci
937 3574 1125 3638 adveniens

181 3678 354 3742 dominum
384 3675 576 3740 venientem
610 3676 777 3757 praevenit
790 3677 811 3755 3'
840 3682 875 3738 et
900 3693 972 3756 prae
998 3674 1126 3755 gaudio

180 3797 242 3842 rex
274 3796 394 3841 canem
433 3773 616 3858 diligenter
648 3775 744 3856 pavit
780 3793 924 3861 sperans
953 3793 1015 3855 per
1048 3792 1126 3836 eum

179 3878 255 3960 ejus
283 3876 456 3940 dominum
488 3875 729 3950 adventurum,
758 3874 819 3937 sed
846 3892 946 3937 secus
979 3870 1127 3953 contigit

180 3997 282 4059 quam
305 3976 510 4058 sperabant3
534 3994 613 4038 nam
636 3973 741 4049 illico,
759 3992 835 4035 cum
857 3972 1048 4055 leporarius
1071 3990 1129 4034 sa·

179 4077 286 4139 tiatus
304 4075 437 4149 fuisset,
457 4093 613 4138 reversus
636 4081 689 4136 est
710 4072 753 4135 ad
779 4072 951 4135 dominum
975 4089 1076 4134 suum
1093 4077 1129 4134 at

174 4176 281 4258 Juxta
295 4193 421 4257 corpus
439 4174 515 4256 ejus
531 4182 713 4237 consuetas
737 4171 902 4236 excubias
928 4169 1127 4234 celebravit.

229 4292 307 4339 VOL.
332 4293 353 4338 1.
565 4324 568 4331 .
954 4285 979 4331 X
