<?xml version="1.0" encoding="UTF-8"?>
<!DOCTYPE html PUBLIC "-//W3C//DTD XHTML 1.0 Transitional//EN"
    "http://www.w3.org/TR/xhtml1/DTD/xhtml1-transitional.dtd">
<html xmlns="http://www.w3.org/1999/xhtml" xml:lang="en" lang="en">
 <head>
  <title>
</title>
<meta http-equiv="Content-Type" content="text/html;charset=utf-8" />
  <meta name='ocr-system' content='tesseract 3.04.00' />
  <meta name='ocr-capabilities' content='ocr_page ocr_carea ocr_par ocr_line ocrx_word'/>
</head>
<body>
  <div class='ocr_page' id='page_1' title='image "./rogeridewendove04rogegoog_0407.png"; bbox 0 0 2888 4852; ppageno 0'>
   <div class='ocr_carea' id='block_1_1' title="bbox 337 407 1029 473">
    <p class='ocr_par' dir='ltr' id='par_1_1' title="bbox 337 407 1029 473">
     <span class='ocr_line' id='line_1_1' title="bbox 337 407 1029 473; baseline -0.007 0"><span class='ocrx_word' id='word_1_1' title='bbox 337 407 405 473; x_wconf 79' lang='grc'>364</span> <span class='ocrx_word' id='word_1_2' title='bbox 595 423 729 471; x_wconf 83' lang='lat' dir='ltr'>aocnnr</span> <span class='ocrx_word' id='word_1_3' title='bbox 752 422 800 469; x_wconf 83' lang='lat' dir='ltr'>na</span> <span class='ocrx_word' id='word_1_4' title='bbox 823 418 1029 470; x_wconf 76' lang='lat' dir='ltr'>wannovnn</span> 
     </span>
    </p>
   </div>
   <div class='ocr_carea' id='block_1_2' title="bbox 354 653 1279 744">
    <p class='ocr_par' dir='ltr' id='par_1_2' title="bbox 354 653 1279 744">
     <span class='ocr_line' id='line_1_2' title="bbox 354 653 1279 744; baseline -0.005 -21"><span class='ocrx_word' id='word_1_5' title='bbox 354 658 405 723; x_wconf 79' lang='lat' dir='ltr'>Do</span> <span class='ocrx_word' id='word_1_6' title='bbox 418 658 546 724; x_wconf 78' lang='lat' dir='ltr'>Rolloaa</span> <span class='ocrx_word' id='word_1_7' title='bbox 550 659 657 744; x_wconf 81' lang='lat' dir='ltr'>primo</span> <span class='ocrx_word' id='word_1_8' title='bbox 672 660 929 722; x_wconf 73' lang='lat' dir='ltr'>Normaoaolam</span> <span class='ocrx_word' id='word_1_9' title='bbox 943 657 1059 720; x_wconf 78' lang='lat' dir='ltr'>doceat</span> <span class='ocrx_word' id='word_1_10' title='bbox 1074 654 1139 740; x_wconf 78' lang='lat' dir='ltr'>ejas</span> <span class='ocrx_word' id='word_1_11' title='bbox 1153 653 1279 719; x_wconf 74' lang='lat' dir='ltr'>visione.</span> 
     </span>
    </p>
   </div>
   <div class='ocr_carea' id='block_1_3' title="bbox 182 775 1365 3739">
    <p class='ocr_par' dir='ltr' id='par_1_3' title="bbox 182 775 1291 862">
     <span class='ocr_line' id='line_1_3' title="bbox 182 775 1291 862; baseline 0.001 -22"><span class='ocrx_word' id='word_1_12' title='bbox 182 801 267 840; x_wconf 75' lang='lat' dir='ltr'>nour.</span> <span class='ocrx_word' id='word_1_13' title='bbox 392 775 508 846; x_wconf 86' lang='lat' dir='ltr'>Circa¹</span> <span class='ocrx_word' id='word_1_14' title='bbox 520 782 592 845; x_wconf 90' lang='lat' dir='ltr'>dies</span> <span class='ocrx_word' id='word_1_15' title='bbox 606 782 705 859; x_wconf 62' lang='lat' dir='ltr'>istos</span> <span class='ocrx_word' id='word_1_16' title='bbox 719 781 824 845; x_wconf 91' lang='lat' dir='ltr'>Rollo</span> <span class='ocrx_word' id='word_1_17' title='bbox 835 781 988 862; x_wconf 90' lang='lat' dir='ltr'>quidam,</span> <span class='ocrx_word' id='word_1_18' title='bbox 1000 781 1140 844; x_wconf 91' lang='lat' dir='ltr'>natione</span> <span class='ocrx_word' id='word_1_19' title='bbox 1154 780 1291 855; x_wconf 88' lang='lat' dir='ltr'>Dauus,</span> 
     </span>
    </p>

    <p class='ocr_par' dir='ltr' id='par_1_4' title="bbox 182 850 1365 3739">
     <span class='ocr_line' id='line_1_4' title="bbox 182 850 1289 963; baseline 0.001 -23"><span class='ocrx_word' id='word_1_20' title='bbox 182 850 316 948; x_wconf 47' lang='lat' dir='ltr'>iudidio.</span> <span class='ocrx_word' id='word_1_21' title='bbox 342 882 496 945; x_wconf 86' lang='lat' dir='ltr'>maxima</span> <span class='ocrx_word' id='word_1_22' title='bbox 528 882 679 963; x_wconf 92' lang='lat' dir='ltr'>stipatus</span> <span class='ocrx_word' id='word_1_23' title='bbox 708 881 842 956; x_wconf 90' lang='lat' dir='ltr'>militia,</span> <span class='ocrx_word' id='word_1_24' title='bbox 872 881 908 942; x_wconf 91' lang='lat' dir='ltr'>in</span> <span class='ocrx_word' id='word_1_25' title='bbox 937 878 1103 961; x_wconf 80' lang='lat' dir='ltr'>Angliam</span> <span class='ocrx_word' id='word_1_26' title='bbox 1135 879 1289 953; x_wconf 89' lang='lat' dir='ltr'>veniens,</span> 
     </span>
     <span class='ocr_line' id='line_1_5' title="bbox 341 978 1290 1062; baseline -0.003 -18"><span class='ocrx_word' id='word_1_27' title='bbox 341 980 494 1045; x_wconf 92' lang='lat' dir='ltr'>locorum</span> <span class='ocrx_word' id='word_1_28' title='bbox 517 979 776 1062; x_wconf 84' lang='lat' dir='ltr'>depopulationi</span> <span class='ocrx_word' id='word_1_29' title='bbox 794 981 945 1043; x_wconf 88' lang='lat' dir='ltr'>vacavit.</span> <span class='ocrx_word' id='word_1_30' title='bbox 998 979 1061 1042; x_wconf 91' lang='lat' dir='ltr'>Est</span> <span class='ocrx_word' id='word_1_31' title='bbox 1086 985 1199 1042; x_wconf 91' lang='lat' dir='ltr'>autem</span> <span class='ocrx_word' id='word_1_32' title='bbox 1215 978 1290 1042; x_wconf 91' lang='lat' dir='ltr'>Da·</span> 
     </span>
     <span class='ocr_line' id='line_1_6' title="bbox 342 1078 1290 1156; baseline -0.003 -14"><span class='ocrx_word' id='word_1_33' title='bbox 342 1080 412 1156; x_wconf 90' lang='lat' dir='ltr'>nia,</span> <span class='ocrx_word' id='word_1_34' title='bbox 443 1080 517 1144; x_wconf 86' lang='lat' dir='ltr'>sive</span> <span class='ocrx_word' id='word_1_35' title='bbox 541 1078 808 1156; x_wconf 86' lang='lat' dir='ltr'>Danemarchia,</span> <span class='ocrx_word' id='word_1_36' title='bbox 835 1079 940 1141; x_wconf 89' lang='lat' dir='ltr'>maris</span> <span class='ocrx_word' id='word_1_37' title='bbox 962 1078 1088 1153; x_wconf 89' lang='lat' dir='ltr'>insula,</span> <span class='ocrx_word' id='word_1_38' title='bbox 1114 1097 1227 1140; x_wconf 90' lang='lat' dir='ltr'>rerum</span> <span class='ocrx_word' id='word_1_39' title='bbox 1253 1083 1290 1140; x_wconf 88' lang='lat' dir='ltr'>et</span> 
     </span>
     <span class='ocr_line' id='line_1_7' title="bbox 342 1177 1288 1259; baseline -0.004 -17"><span class='ocrx_word' id='word_1_40' title='bbox 342 1180 493 1242; x_wconf 82' lang='lat' dir='ltr'>maxime</span> <span class='ocrx_word' id='word_1_41' title='bbox 516 1177 692 1241; x_wconf 89' lang='lat' dir='ltr'>bominum</span> <span class='ocrx_word' id='word_1_42' title='bbox 717 1177 897 1241; x_wconf 80' lang='lat' dir='ltr'>fertilitate</span> <span class='ocrx_word' id='word_1_43' title='bbox 919 1177 1092 1253; x_wconf 89' lang='lat' dir='ltr'>foecunda,</span> <span class='ocrx_word' id='word_1_44' title='bbox 1111 1177 1210 1259; x_wconf 88' lang='lat' dir='ltr'>cujus</span> <span class='ocrx_word' id='word_1_45' title='bbox 1235 1195 1288 1238; x_wconf 89' lang='lat' dir='ltr'>re·</span> 
     </span>
     <span class='ocr_line' id='line_1_8' title="bbox 341 1270 1287 1359; baseline -0.003 -19"><span class='ocrx_word' id='word_1_46' title='bbox 341 1297 403 1358; x_wconf 89' lang='lat' dir='ltr'>ges</span> <span class='ocrx_word' id='word_1_47' title='bbox 430 1277 622 1359; x_wconf 90' lang='lat' dir='ltr'>antiquitus</span> <span class='ocrx_word' id='word_1_48' title='bbox 646 1277 781 1341; x_wconf 88' lang='lat' dir='ltr'>sancita</span> <span class='ocrx_word' id='word_1_49' title='bbox 804 1278 881 1357; x_wconf 88' lang='lat' dir='ltr'>lege</span> <span class='ocrx_word' id='word_1_50' title='bbox 908 1284 1116 1352; x_wconf 87' lang='lat' dir='ltr'>statuerunt,</span> <span class='ocrx_word' id='word_1_51' title='bbox 1135 1282 1186 1351; x_wconf 94' lang='lat' dir='ltr'>ut,</span> <span class='ocrx_word' id='word_1_52' title='bbox 1206 1270 1287 1337; x_wconf 91' lang='lat' dir='ltr'>dum</span> 
     </span>
     <span class='ocr_line' id='line_1_9' title="bbox 341 1374 1286 1458; baseline -0.002 -19"><span class='ocrx_word' id='word_1_53' title='bbox 341 1377 443 1440; x_wconf 86' lang='lat' dir='ltr'>nimis</span> <span class='ocrx_word' id='word_1_54' title='bbox 466 1377 579 1439; x_wconf 90' lang='lat' dir='ltr'>insula</span> <span class='ocrx_word' id='word_1_55' title='bbox 602 1384 693 1441; x_wconf 92' lang='lat' dir='ltr'>esset</span> <span class='ocrx_word' id='word_1_56' title='bbox 718 1376 913 1440; x_wconf 90' lang='lat' dir='ltr'>hominibus</span> <span class='ocrx_word' id='word_1_57' title='bbox 936 1375 1079 1458; x_wconf 88' lang='lat' dir='ltr'>repleta,</span> <span class='ocrx_word' id='word_1_58' title='bbox 1095 1375 1159 1437; x_wconf 88' lang='lat' dir='ltr'>viri</span> <span class='ocrx_word' id='word_1_59' title='bbox 1179 1374 1286 1437; x_wconf 90' lang='lat' dir='ltr'>auda-</span> 
     </span>
     <span class='ocr_line' id='line_1_10' title="bbox 340 1475 1286 1558; baseline 0 -20"><span class='ocrx_word' id='word_1_60' title='bbox 340 1477 451 1540; x_wconf 90' lang='lat' dir='ltr'>ciores</span> <span class='ocrx_word' id='word_1_61' title='bbox 479 1476 521 1539; x_wconf 93' lang='lat' dir='ltr'>de</span> <span class='ocrx_word' id='word_1_62' title='bbox 546 1477 695 1558; x_wconf 88' lang='lat' dir='ltr'>propriis</span> <span class='ocrx_word' id='word_1_63' title='bbox 726 1477 876 1558; x_wconf 88' lang='lat' dir='ltr'>migrare</span> <span class='ocrx_word' id='word_1_64' title='bbox 907 1475 1045 1539; x_wconf 89' lang='lat' dir='ltr'>sedibus</span> <span class='ocrx_word' id='word_1_65' title='bbox 1071 1480 1286 1554; x_wconf 80' lang='lat' dir='ltr'>cogerentur.</span> 
     </span>
     <span class='ocr_line' id='line_1_11' title="bbox 322 1573 1286 1658; baseline -0.003 -20"><span class='ocrx_word' id='word_1_66' title='bbox 322 1574 397 1638; x_wconf 77' lang='grc' dir='ltr'>Ἐκ</span> <span class='ocrx_word' id='word_1_67' title='bbox 420 1575 484 1639; x_wconf 86' lang='lat' dir='ltr'>hac</span> <span class='ocrx_word' id='word_1_68' title='bbox 508 1575 654 1657; x_wconf 90' lang='lat' dir='ltr'>deniqne</span> <span class='ocrx_word' id='word_1_69' title='bbox 676 1575 899 1658; x_wconf 84' lang='lat' dir='ltr'>expulsorum</span> <span class='ocrx_word' id='word_1_70' title='bbox 922 1581 1016 1638; x_wconf 90' lang='lat' dir='ltr'>sorte</span> <span class='ocrx_word' id='word_1_71' title='bbox 1037 1573 1141 1637; x_wconf 89' lang='lat' dir='ltr'>Rullo</span> <span class='ocrx_word' id='word_1_72' title='bbox 1163 1592 1286 1655; x_wconf 88' lang='lat' dir='ltr'>snpra-</span> 
     </span>
     <span class='ocr_line' id='line_1_12' title="bbox 340 1674 1287 1754; baseline -0.003 -16"><span class='ocrx_word' id='word_1_73' title='bbox 340 1674 453 1738; x_wconf 90' lang='lat' dir='ltr'>dictus</span> <span class='ocrx_word' id='word_1_74' title='bbox 484 1675 591 1737; x_wconf 88' lang='lat' dir='ltr'>fuisse</span> <span class='ocrx_word' id='word_1_75' title='bbox 620 1675 798 1752; x_wconf 87' lang='lat' dir='ltr'>asseritur,</span> <span class='ocrx_word' id='word_1_76' title='bbox 822 1675 875 1738; x_wconf 88' lang='lat' dir='ltr'>vir</span> <span class='ocrx_word' id='word_1_77' title='bbox 902 1681 1063 1737; x_wconf 89' lang='lat' dir='ltr'>strenuus</span> <span class='ocrx_word' id='word_1_78' title='bbox 1090 1680 1126 1736; x_wconf 90' lang='lat' dir='ltr'>et</span> <span class='ocrx_word' id='word_1_79' title='bbox 1150 1680 1287 1754; x_wconf 91' lang='lat' dir='ltr'>potens,</span> 
     </span>
     <span class='ocr_line' id='line_1_13' title="bbox 340 1772 1286 1857; baseline 0 -21"><span class='ocrx_word' id='word_1_80' title='bbox 340 1793 442 1857; x_wconf 89' lang='lat' dir='ltr'>quem</span> <span class='ocrx_word' id='word_1_81' title='bbox 475 1781 585 1855; x_wconf 90' lang='lat' dir='ltr'>pater,</span> <span class='ocrx_word' id='word_1_82' title='bbox 616 1781 752 1838; x_wconf 90' lang='lat' dir='ltr'>retento</span> <span class='ocrx_word' id='word_1_83' title='bbox 784 1775 1013 1856; x_wconf 84' lang='lat' dir='ltr'>primogenito</span> <span class='ocrx_word' id='word_1_84' title='bbox 1049 1773 1121 1836; x_wconf 91' lang='lat' dir='ltr'>filio</span> <span class='ocrx_word' id='word_1_85' title='bbox 1152 1779 1191 1835; x_wconf 92' lang='lat' dir='ltr'>ut</span> <span class='ocrx_word' id='word_1_86' title='bbox 1220 1772 1286 1836; x_wconf 90' lang='lat' dir='ltr'>sibi</span> 
     </span>
     <span class='ocr_line' id='line_1_14' title="bbox 341 1871 1288 1949; baseline -0.001 -13"><span class='ocrx_word' id='word_1_87' title='bbox 341 1873 551 1949; x_wconf 84' lang='lat' dir='ltr'>succederet,</span> <span class='ocrx_word' id='word_1_88' title='bbox 576 1873 760 1937; x_wconf 89' lang='lat' dir='ltr'>Rollouem</span> <span class='ocrx_word' id='word_1_89' title='bbox 782 1893 805 1936; x_wconf 92' lang='lat' dir='ltr'>a</span> <span class='ocrx_word' id='word_1_90' title='bbox 827 1893 865 1937; x_wconf 84' lang='lat' dir='ltr'>so</span> <span class='ocrx_word' id='word_1_91' title='bbox 889 1873 1091 1947; x_wconf 83' lang='lat' dir='ltr'>transmisit,</span> <span class='ocrx_word' id='word_1_92' title='bbox 1115 1879 1154 1935; x_wconf 92' lang='lat' dir='ltr'>ut</span> <span class='ocrx_word' id='word_1_93' title='bbox 1179 1871 1288 1935; x_wconf 84' lang='lat' dir='ltr'>haere·</span> 
     </span>
     <span class='ocr_line' id='line_1_15' title="bbox 338 1970 1284 2054; baseline -0.003 -19"><span class='ocrx_word' id='word_1_94' title='bbox 338 1971 482 2036; x_wconf 90' lang='lat' dir='ltr'>ditatem</span> <span class='ocrx_word' id='word_1_95' title='bbox 505 1973 621 2049; x_wconf 90' lang='lat' dir='ltr'>armis,</span> <span class='ocrx_word' id='word_1_96' title='bbox 643 1992 848 2054; x_wconf 92' lang='lat' dir='ltr'>quocunque</span> <span class='ocrx_word' id='word_1_97' title='bbox 864 1992 941 2036; x_wconf 86' lang='lat' dir='ltr'>sors</span> <span class='ocrx_word' id='word_1_98' title='bbox 965 1970 1178 2047; x_wconf 89' lang='lat' dir='ltr'>concederet,</span> <span class='ocrx_word' id='word_1_99' title='bbox 1194 1971 1284 2034; x_wconf 90' lang='lat' dir='ltr'>obti-</span> 
     </span>
     <span class='ocr_line' id='line_1_16' title="bbox 339 2068 1286 2154; baseline -0.002 -20"><span class='ocrx_word' id='word_1_100' title='bbox 339 2079 459 2148; x_wconf 90' lang='lat' dir='ltr'>neret;</span> <span class='ocrx_word' id='word_1_101' title='bbox 482 2071 543 2135; x_wconf 91' lang='lat' dir='ltr'>illo</span> <span class='ocrx_word' id='word_1_102' title='bbox 566 2071 685 2152; x_wconf 87' lang='lat' dir='ltr'>igitur,</span> <span class='ocrx_word' id='word_1_103' title='bbox 701 2079 741 2135; x_wconf 94' lang='lat' dir='ltr'>ut</span> <span class='ocrx_word' id='word_1_104' title='bbox 763 2071 966 2154; x_wconf 85' lang='lat' dir='ltr'>praedictum</span> <span class='ocrx_word' id='word_1_105' title='bbox 989 2077 1053 2145; x_wconf 90' lang='lat' dir='ltr'>est,</span> <span class='ocrx_word' id='word_1_106' title='bbox 1070 2070 1105 2132; x_wconf 91' lang='lat' dir='ltr'>in</span> <span class='ocrx_word' id='word_1_107' title='bbox 1121 2068 1286 2151; x_wconf 89' lang='lat' dir='ltr'>Angliam</span> 
     </span>
     <span class='ocr_line' id='line_1_17' title="bbox 339 2170 1284 2253; baseline 0 -20"><span class='ocrx_word' id='word_1_108' title='bbox 339 2171 498 2252; x_wconf 91' lang='lat' dir='ltr'>appulso,</span> <span class='ocrx_word' id='word_1_109' title='bbox 514 2170 686 2253; x_wconf 72' lang='lat' dir='ltr'>indigenae</span> <span class='ocrx_word' id='word_1_110' title='bbox 703 2172 822 2235; x_wconf 89' lang='lat' dir='ltr'>statim</span> <span class='ocrx_word' id='word_1_111' title='bbox 837 2171 994 2252; x_wconf 85' lang='lat' dir='ltr'>praelium</span> <span class='ocrx_word' id='word_1_112' title='bbox 1010 2189 1087 2233; x_wconf 93' lang='lat' dir='ltr'>cum</span> <span class='ocrx_word' id='word_1_113' title='bbox 1104 2170 1180 2251; x_wconf 90' lang='lat' dir='ltr'>ipso</span> <span class='ocrx_word' id='word_1_114' title='bbox 1192 2189 1284 2233; x_wconf 91' lang='lat' dir='ltr'>com·</span> 
     </span>
     <span class='ocr_line' id='line_1_18' title="bbox 336 2268 1284 2347; baseline -0.001 -16"><span class='ocrx_word' id='word_1_115' title='bbox 336 2270 517 2347; x_wconf 88' lang='lat' dir='ltr'>miserunt,</span> <span class='ocrx_word' id='word_1_116' title='bbox 539 2271 613 2347; x_wconf 92' lang='lat' dir='ltr'>sed,</span> <span class='ocrx_word' id='word_1_117' title='bbox 636 2271 755 2333; x_wconf 91' lang='lat' dir='ltr'>multis</span> <span class='ocrx_word' id='word_1_118' title='bbox 781 2288 922 2333; x_wconf 91' lang='lat' dir='ltr'>suorum</span> <span class='ocrx_word' id='word_1_119' title='bbox 944 2268 1145 2344; x_wconf 87' lang='lat' dir='ltr'>intersectis,</span> <span class='ocrx_word' id='word_1_120' title='bbox 1168 2270 1284 2332; x_wconf 84' lang='lat' dir='ltr'>caeteri</span> 
     </span>
     <span class='ocr_line' id='line_1_19' title="bbox 333 2367 1365 2450; baseline -0.005 -20"><span class='ocrx_word' id='word_1_121' title='bbox 333 2367 381 2430; x_wconf 89' lang='lat' dir='ltr'>-de</span> <span class='ocrx_word' id='word_1_122' title='bbox 415 2370 492 2432; x_wconf 89' lang='lat' dir='ltr'>loco</span> <span class='ocrx_word' id='word_1_123' title='bbox 527 2369 724 2432; x_wconf 88' lang='lat' dir='ltr'>certaminis</span> <span class='ocrx_word' id='word_1_124' title='bbox 757 2368 976 2450; x_wconf 86' lang='lat' dir='ltr'>aufugerunt.</span> <span class='ocrx_word' id='word_1_125' title='bbox 1044 2367 1148 2431; x_wconf 92' lang='lat' dir='ltr'>Rollo</span> <span class='ocrx_word' id='word_1_126' title='bbox 1179 2368 1286 2449; x_wconf 84' lang='lat' dir='ltr'>igitur</span> <span class='ocrx_word' id='word_1_127' title='bbox 1364 2422 1365 2425; x_wconf 74' lang='grc'>,</span> 
     </span>
     <span class='ocr_line' id='line_1_20' title="bbox 334 2468 1283 2549; baseline 0.001 -19"><span class='ocrx_word' id='word_1_128' title='bbox 334 2486 415 2531; x_wconf 88' lang='lat' dir='ltr'>cum</span> <span class='ocrx_word' id='word_1_129' title='bbox 439 2474 519 2549; x_wconf 89' lang='lat' dir='ltr'>post</span> <span class='ocrx_word' id='word_1_130' title='bbox 543 2470 648 2531; x_wconf 90' lang='lat' dir='ltr'>maris</span> <span class='ocrx_word' id='word_1_131' title='bbox 671 2468 836 2549; x_wconf 90' lang='lat' dir='ltr'>pericula,</span> <span class='ocrx_word' id='word_1_132' title='bbox 853 2469 897 2532; x_wconf 92' lang='lat' dir='ltr'>ob</span> <span class='ocrx_word' id='word_1_133' title='bbox 917 2468 971 2530; x_wconf 93' lang='lat' dir='ltr'>sui</span> <span class='ocrx_word' id='word_1_134' title='bbox 995 2486 1205 2548; x_wconf 90' lang='lat' dir='ltr'>suorumque</span> <span class='ocrx_word' id='word_1_135' title='bbox 1228 2488 1283 2531; x_wconf 88' lang='lat' dir='ltr'>re·</span> 
     </span>
     <span class='ocr_line' id='line_1_21' title="bbox 337 2566 1283 2650; baseline 0.001 -21"><span class='ocrx_word' id='word_1_136' title='bbox 337 2567 557 2642; x_wconf 87' lang='lat' dir='ltr'>creationem,</span> <span class='ocrx_word' id='word_1_137' title='bbox 583 2568 619 2629; x_wconf 93' lang='lat' dir='ltr'>in</span> <span class='ocrx_word' id='word_1_138' title='bbox 636 2566 767 2648; x_wconf 87' lang='lat' dir='ltr'>Anglia</span> <span class='ocrx_word' id='word_1_139' title='bbox 790 2566 979 2650; x_wconf 88' lang='lat' dir='ltr'>hyemaret,</span> <span class='ocrx_word' id='word_1_140' title='bbox 1001 2567 1113 2629; x_wconf 90' lang='lat' dir='ltr'>visum</span> <span class='ocrx_word' id='word_1_141' title='bbox 1142 2574 1194 2629; x_wconf 91' lang='lat' dir='ltr'>est</span> <span class='ocrx_word' id='word_1_142' title='bbox 1218 2567 1283 2630; x_wconf 88' lang='lat' dir='ltr'>sibi</span> 
     </span>
     <span class='ocr_line' id='line_1_22' title="bbox 336 2665 1283 2748; baseline 0 -20"><span class='ocrx_word' id='word_1_143' title='bbox 336 2665 380 2728; x_wconf 88' lang='lat' dir='ltr'>de</span> <span class='ocrx_word' id='word_1_144' title='bbox 402 2674 502 2730; x_wconf 91' lang='lat' dir='ltr'>nocte</span> <span class='ocrx_word' id='word_1_145' title='bbox 522 2666 704 2731; x_wconf 90' lang='lat' dir='ltr'>dormienti</span> <span class='ocrx_word' id='word_1_146' title='bbox 726 2686 832 2748; x_wconf 90' lang='lat' dir='ltr'>supra</span> <span class='ocrx_word' id='word_1_147' title='bbox 856 2686 893 2729; x_wconf 91' lang='lat' dir='ltr'>se</span> <span class='ocrx_word' id='word_1_148' title='bbox 915 2673 950 2730; x_wconf 91' lang='lat' dir='ltr'>et</span> <span class='ocrx_word' id='word_1_149' title='bbox 973 2666 1160 2728; x_wconf 85' lang='lat' dir='ltr'>exercitum</span> <span class='ocrx_word' id='word_1_150' title='bbox 1184 2685 1283 2728; x_wconf 92' lang='lat' dir='ltr'>suum</span> 
     </span>
     <span class='ocr_line' id='line_1_23' title="bbox 337 2766 1283 2847; baseline 0 -19"><span class='ocrx_word' id='word_1_151' title='bbox 337 2784 482 2828; x_wconf 87' lang='lat' dir='ltr'>examen</span> <span class='ocrx_word' id='word_1_152' title='bbox 516 2785 619 2847; x_wconf 90' lang='lat' dir='ltr'>apum</span> <span class='ocrx_word' id='word_1_153' title='bbox 648 2766 764 2830; x_wconf 89' lang='lat' dir='ltr'>subito</span> <span class='ocrx_word' id='word_1_154' title='bbox 787 2766 934 2830; x_wconf 88' lang='lat' dir='ltr'>volitare</span> <span class='ocrx_word' id='word_1_155' title='bbox 963 2772 998 2828; x_wconf 87' lang='lat' dir='ltr'>et</span> <span class='ocrx_word' id='word_1_156' title='bbox 1028 2784 1106 2827; x_wconf 91' lang='lat' dir='ltr'>cum</span> <span class='ocrx_word' id='word_1_157' title='bbox 1136 2766 1283 2828; x_wconf 90' lang='lat' dir='ltr'>stridore</span> 
     </span>
     <span class='ocr_line' id='line_1_24' title="bbox 336 2865 1283 2947; baseline 0 -21"><span class='ocrx_word' id='word_1_158' title='bbox 336 2865 524 2928; x_wconf 88' lang='lat' dir='ltr'>australem</span> <span class='ocrx_word' id='word_1_159' title='bbox 544 2872 661 2946; x_wconf 87' lang='lat' dir='ltr'>petere</span> <span class='ocrx_word' id='word_1_160' title='bbox 680 2865 854 2946; x_wconf 85' lang='lat' dir='ltr'>regionem</span> <span class='ocrx_word' id='word_1_161' title='bbox 869 2884 998 2947; x_wconf 90' lang='lat' dir='ltr'>perque</span> <span class='ocrx_word' id='word_1_162' title='bbox 1014 2865 1119 2926; x_wconf 92' lang='lat' dir='ltr'>maris</span> <span class='ocrx_word' id='word_1_163' title='bbox 1135 2865 1283 2927; x_wconf 87' lang='lat' dir='ltr'>medium</span> 
     </span>
     <span class='ocr_line' id='line_1_25' title="bbox 335 2963 1285 3047; baseline -0.003 -19"><span class='ocrx_word' id='word_1_164' title='bbox 335 2963 380 3028; x_wconf 89' lang='lat' dir='ltr'>ad</span> <span class='ocrx_word' id='word_1_165' title='bbox 403 2971 530 3027; x_wconf 87' lang='lat' dir='ltr'>terram</span> <span class='ocrx_word' id='word_1_166' title='bbox 547 2964 698 3028; x_wconf 89' lang='lat' dir='ltr'>volando</span> <span class='ocrx_word' id='word_1_167' title='bbox 719 2965 910 3047; x_wconf 89' lang='lat' dir='ltr'>pervenire,</span> <span class='ocrx_word' id='word_1_168' title='bbox 932 2964 990 3027; x_wconf 92' lang='lat' dir='ltr'>ubi</span> <span class='ocrx_word' id='word_1_169' title='bbox 1016 2964 1120 3026; x_wconf 90' lang='lat' dir='ltr'>etiam</span> <span class='ocrx_word' id='word_1_170' title='bbox 1141 2982 1285 3045; x_wconf 85' lang='lat' dir='ltr'>congre-</span> 
     </span>
     <span class='ocr_line' id='line_1_26' title="bbox 335 3062 1283 3144; baseline 0 -18"><span class='ocrx_word' id='word_1_171' title='bbox 335 3063 445 3144; x_wconf 86' lang='lat' dir='ltr'>gatim</span> <span class='ocrx_word' id='word_1_172' title='bbox 480 3064 517 3126; x_wconf 93' lang='lat' dir='ltr'>in</span> <span class='ocrx_word' id='word_1_173' title='bbox 547 3062 727 3127; x_wconf 86' lang='lat' dir='ltr'>frondibus</span> <span class='ocrx_word' id='word_1_174' title='bbox 762 3065 923 3126; x_wconf 86' lang='lat' dir='ltr'>arborum</span> <span class='ocrx_word' id='word_1_175' title='bbox 957 3062 1169 3126; x_wconf 89' lang='lat' dir='ltr'>diversarum</span> <span class='ocrx_word' id='word_1_176' title='bbox 1200 3063 1283 3126; x_wconf 84' lang='lat' dir='ltr'>insi-</span> 
     </span>
     <span class='ocr_line' id='line_1_27' title="bbox 334 3161 1282 3244; baseline 0.001 -20"><span class='ocrx_word' id='word_1_177' title='bbox 334 3161 455 3226; x_wconf 89' lang='lat' dir='ltr'>dentes</span> <span class='ocrx_word' id='word_1_178' title='bbox 484 3182 688 3244; x_wconf 91' lang='lat' dir='ltr'>0mnemque</span> <span class='ocrx_word' id='word_1_179' title='bbox 713 3182 795 3226; x_wconf 86' lang='lat' dir='ltr'>mox</span> <span class='ocrx_word' id='word_1_180' title='bbox 821 3164 995 3244; x_wconf 88' lang='lat' dir='ltr'>regionem</span> <span class='ocrx_word' id='word_1_181' title='bbox 1020 3162 1282 3242; x_wconf 76' lang='lat' dir='ltr'>perlustrantes,</span> 
     </span>
     <span class='ocr_line' id='line_1_28' title="bbox 335 3261 1281 3343; baseline 0 -19"><span class='ocrx_word' id='word_1_182' title='bbox 335 3268 516 3343; x_wconf 88' lang='lat' dir='ltr'>coeperunt</span> <span class='ocrx_word' id='word_1_183' title='bbox 539 3262 575 3324; x_wconf 93' lang='lat' dir='ltr'>in</span> <span class='ocrx_word' id='word_1_184' title='bbox 601 3262 686 3325; x_wconf 91' lang='lat' dir='ltr'>locis</span> <span class='ocrx_word' id='word_1_185' title='bbox 709 3262 854 3325; x_wconf 89' lang='lat' dir='ltr'>diversis</span> <span class='ocrx_word' id='word_1_186' title='bbox 871 3263 1044 3325; x_wconf 89' lang='lat' dir='ltr'>variorum</span> <span class='ocrx_word' id='word_1_187' title='bbox 1066 3261 1166 3324; x_wconf 87' lang='lat' dir='ltr'>flores</span> <span class='ocrx_word' id='word_1_188' title='bbox 1189 3262 1281 3325; x_wconf 94' lang='lat' dir='ltr'>colo-</span> 
     </span>
     <span class='ocr_line' id='line_1_29' title="bbox 334 3360 1283 3442; baseline 0.001 -20"><span class='ocrx_word' id='word_1_189' title='bbox 334 3379 410 3422; x_wconf 89' lang='lat' dir='ltr'>rum</span> <span class='ocrx_word' id='word_1_190' title='bbox 435 3362 471 3422; x_wconf 94' lang='lat' dir='ltr'>in</span> <span class='ocrx_word' id='word_1_191' title='bbox 494 3360 606 3423; x_wconf 93' lang='lat' dir='ltr'>locum</span> <span class='ocrx_word' id='word_1_192' title='bbox 629 3380 736 3423; x_wconf 94' lang='lat' dir='ltr'>unum</span> <span class='ocrx_word' id='word_1_193' title='bbox 755 3381 976 3442; x_wconf 84' lang='lat' dir='ltr'>congregare.</span> <span class='ocrx_word' id='word_1_194' title='bbox 1019 3360 1199 3441; x_wconf 83' lang='lat' dir='ltr'>Evigilans</span> <span class='ocrx_word' id='word_1_195' title='bbox 1215 3361 1283 3423; x_wconf 91' lang='lat' dir='ltr'>ita-</span> 
     </span>
     <span class='ocr_line' id='line_1_30' title="bbox 334 3457 1280 3542; baseline 0 -21"><span class='ocrx_word' id='word_1_196' title='bbox 334 3457 530 3540; x_wconf 89' lang='lat' dir='ltr'>queRollo,</span> <span class='ocrx_word' id='word_1_197' title='bbox 544 3460 655 3540; x_wconf 93' lang='lat' dir='ltr'>primo</span> <span class='ocrx_word' id='word_1_198' title='bbox 668 3460 834 3523; x_wconf 86' lang='lat' dir='ltr'>visionem</span> <span class='ocrx_word' id='word_1_199' title='bbox 852 3479 968 3523; x_wconf 88' lang='lat' dir='ltr'>secum</span> <span class='ocrx_word' id='word_1_200' title='bbox 987 3467 1188 3542; x_wconf 88' lang='lat' dir='ltr'>pertractat,</span> <span class='ocrx_word' id='word_1_201' title='bbox 1205 3460 1280 3542; x_wconf 89' lang='lat' dir='ltr'>ejus</span> 
     </span>
     <span class='ocr_line' id='line_1_31' title="bbox 332 3557 1281 3640; baseline 0.003 -21"><span class='ocrx_word' id='word_1_202' title='bbox 332 3557 656 3640; x_wconf 89' lang='lat' dir='ltr'>interpretationem</span> <span class='ocrx_word' id='word_1_203' title='bbox 683 3559 867 3639; x_wconf 89' lang='lat' dir='ltr'>diligenter</span> <span class='ocrx_word' id='word_1_204' title='bbox 895 3560 1097 3622; x_wconf 87' lang='lat' dir='ltr'>examinans</span> <span class='ocrx_word' id='word_1_205' title='bbox 1129 3559 1281 3640; x_wconf 90' lang='lat' dir='ltr'>requiem</span> 
     </span>
     <span class='ocr_line' id='line_1_32' title="bbox 333 3655 1280 3739; baseline 0.001 -21"><span class='ocrx_word' id='word_1_206' title='bbox 333 3655 387 3718; x_wconf 90' lang='lat' dir='ltr'>sui</span> <span class='ocrx_word' id='word_1_207' title='bbox 416 3656 545 3719; x_wconf 91' lang='lat' dir='ltr'>laboris</span> <span class='ocrx_word' id='word_1_208' title='bbox 573 3675 781 3739; x_wconf 87' lang='lat' dir='ltr'>suorumque</span> <span class='ocrx_word' id='word_1_209' title='bbox 807 3658 844 3720; x_wconf 96' lang='lat' dir='ltr'>in</span> <span class='ocrx_word' id='word_1_210' title='bbox 874 3657 1002 3721; x_wconf 87' lang='lat' dir='ltr'>eisdem</span> <span class='ocrx_word' id='word_1_211' title='bbox 1027 3659 1194 3739; x_wconf 90' lang='lat' dir='ltr'>partibus,</span> <span class='ocrx_word' id='word_1_212' title='bbox 1222 3658 1280 3719; x_wconf 93' lang='lat' dir='ltr'>ubi</span> 
     </span>
    </p>
   </div>
   <div class='ocr_carea' id='block_1_4' title="bbox 332 3920 1282 4267">
    <p class='ocr_par' dir='ltr' id='par_1_5' title="bbox 332 3920 1282 4267">
     <span class='ocr_line' id='line_1_33' title="bbox 380 3920 1282 3986; baseline 0.002 -15"><span class='ocrx_word' id='word_1_213' title='bbox 380 3920 389 3954; x_wconf 89' lang='lat'>¹</span> <span class='ocrx_word' id='word_1_214' title='bbox 410 3924 483 3972; x_wconf 81' lang='lat' dir='ltr'>Circo</span> <span class='ocrx_word' id='word_1_215' title='bbox 512 3923 565 3972; x_wconf 73' lang='lat' dir='ltr'>dieo</span> <span class='ocrx_word' id='word_1_216' title='bbox 592 3923 660 3984; x_wconf 72' lang='lat' dir='ltr'>istos,</span> <span class='ocrx_word' id='word_1_217' title='bbox 689 3923 792 3986; x_wconf 77' lang='lat' dir='ltr'>Ralla]</span> <span class='ocrx_word' id='word_1_218' title='bbox 821 3923 929 3984; x_wconf 84' lang='lat' dir='ltr'>yearthe</span> <span class='ocrx_word' id='word_1_219' title='bbox 937 3923 1034 3972; x_wconf 77' lang='lat' dir='ltr'>Annus</span> <span class='ocrx_word' id='word_1_220' title='bbox 1043 3923 1159 3972; x_wconf 79' lang='lat' dir='ltr'>ascribed</span> <span class='ocrx_word' id='word_1_221' title='bbox 1169 3929 1195 3971; x_wconf 86' lang='lat' dir='ltr'>to</span> <span class='ocrx_word' id='word_1_222' title='bbox 1203 3923 1282 3973; x_wconf 81' lang='lat' dir='ltr'>Aeser</span> 
     </span>
     <span class='ocr_line' id='line_1_34' title="bbox 332 3992 1280 4054; baseline 0.001 -13"><span class='ocrx_word' id='word_1_223' title='bbox 332 3992 493 4053; x_wconf 83' lang='lat' dir='ltr'>Malmsbury</span> <span class='ocrx_word' id='word_1_224' title='bbox 515 3993 566 4041; x_wconf 89' lang='lat' dir='ltr'>und</span> <span class='ocrx_word' id='word_1_225' title='bbox 593 3994 664 4041; x_wconf 85' lang='lat' dir='ltr'>other</span> <span class='ocrx_word' id='word_1_226' title='bbox 686 3993 793 4054; x_wconf 80' lang='lat' dir='ltr'>English</span> <span class='ocrx_word' id='word_1_227' title='bbox 818 3994 906 4042; x_wconf 90' lang='lat' dir='ltr'>record</span> <span class='ocrx_word' id='word_1_228' title='bbox 923 3993 966 4041; x_wconf 86' lang='lat' dir='ltr'>the</span> <span class='ocrx_word' id='word_1_229' title='bbox 977 3993 1063 4041; x_wconf 87' lang='lat' dir='ltr'>dream</span> <span class='ocrx_word' id='word_1_230' title='bbox 1081 3995 1222 4042; x_wconf 85' lang='lat' dir='ltr'>mentioned</span> <span class='ocrx_word' id='word_1_231' title='bbox 1236 3995 1280 4042; x_wconf 84' lang='lat' dir='ltr'>be·</span> 
     </span>
     <span class='ocr_line' id='line_1_35' title="bbox 333 4063 1281 4124; baseline 0 -13"><span class='ocrx_word' id='word_1_232' title='bbox 333 4063 485 4111; x_wconf 85' lang='lat' dir='ltr'>chroniclera</span> <span class='ocrx_word' id='word_1_233' title='bbox 496 4064 575 4124; x_wconf 84' lang='lat' dir='ltr'>speak</span> <span class='ocrx_word' id='word_1_234' title='bbox 589 4063 618 4110; x_wconf 83' lang='lat' dir='ltr'>ol</span> <span class='ocrx_word' id='word_1_235' title='bbox 627 4063 668 4111; x_wconf 84' lang='lat' dir='ltr'>the</span> <span class='ocrx_word' id='word_1_236' title='bbox 679 4063 793 4111; x_wconf 81' lang='lat' dir='ltr'>invasion</span> <span class='ocrx_word' id='word_1_237' title='bbox 819 4063 878 4111; x_wconf 87' lang='lat' dir='ltr'>low.</span> <span class='ocrx_word' id='word_1_238' title='bbox 913 4063 967 4111; x_wconf 86' lang='lat' dir='ltr'>The</span> <span class='ocrx_word' id='word_1_239' title='bbox 985 4068 1093 4111; x_wconf 84' lang='lat' dir='ltr'>account</span> <span class='ocrx_word' id='word_1_240' title='bbox 1103 4065 1128 4111; x_wconf 92' lang='lat' dir='ltr'>in</span> <span class='ocrx_word' id='word_1_241' title='bbox 1141 4065 1182 4111; x_wconf 86' lang='lat' dir='ltr'>the</span> <span class='ocrx_word' id='word_1_242' title='bbox 1194 4068 1248 4111; x_wconf 83' lang='lat' dir='ltr'>text</span> <span class='ocrx_word' id='word_1_243' title='bbox 1259 4064 1281 4112; x_wconf 83' lang='lat' dir='ltr'>is</span> 
     </span>
     <span class='ocr_line' id='line_1_36' title="bbox 332 4132 1281 4195; baseline 0.002 -15"><span class='ocrx_word' id='word_1_244' title='bbox 332 4132 362 4180; x_wconf 72' lang='grc' dir='ltr'>οἰ</span> <span class='ocrx_word' id='word_1_245' title='bbox 384 4133 513 4194; x_wconf 82' lang='lat' dir='ltr'>Naustria,</span> <span class='ocrx_word' id='word_1_246' title='bbox 533 4148 561 4181; x_wconf 93' lang='lat' dir='ltr'>or</span> <span class='ocrx_word' id='word_1_247' title='bbox 584 4132 740 4192; x_wconf 82' lang='lat' dir='ltr'>Normandy,</span> <span class='ocrx_word' id='word_1_248' title='bbox 760 4133 794 4192; x_wconf 86' lang='lat' dir='ltr'>by</span> <span class='ocrx_word' id='word_1_249' title='bbox 819 4132 895 4181; x_wconf 81' lang='lat' dir='ltr'>taken</span> <span class='ocrx_word' id='word_1_250' title='bbox 907 4132 969 4181; x_wconf 85' lang='lat' dir='ltr'>from</span> <span class='ocrx_word' id='word_1_251' title='bbox 978 4133 1090 4181; x_wconf 88' lang='lat' dir='ltr'>William</span> <span class='ocrx_word' id='word_1_252' title='bbox 1102 4132 1281 4195; x_wconf 74' lang='lat' dir='ltr'>olJumidgea,</span> 
     </span>
     <span class='ocr_line' id='line_1_37' title="bbox 333 4199 956 4267; baseline 0.002 -17"><span class='ocrx_word' id='word_1_253' title='bbox 333 4201 407 4251; x_wconf 85' lang='lat' dir='ltr'>Rollo</span> <span class='ocrx_word' id='word_1_254' title='bbox 422 4204 447 4251; x_wconf 89' lang='lat' dir='ltr'>in</span> <span class='ocrx_word' id='word_1_255' title='bbox 466 4202 508 4251; x_wconf 85' lang='lat' dir='ltr'>the</span> <span class='ocrx_word' id='word_1_256' title='bbox 525 4216 586 4264; x_wconf 83' lang='lat' dir='ltr'>year</span> <span class='ocrx_word' id='word_1_257' title='bbox 603 4206 660 4263; x_wconf 78' lang='lat' dir='ltr'>ato,</span> <span class='ocrx_word' id='word_1_258' title='bbox 671 4203 697 4250; x_wconf 90' lang='lat' dir='ltr'>in</span> <span class='ocrx_word' id='word_1_259' title='bbox 709 4201 792 4250; x_wconf 83' lang='lat' dir='ltr'>which</span> <span class='ocrx_word' id='word_1_260' title='bbox 818 4202 846 4252; x_wconf 87' lang='lat' dir='ltr'>ii.</span> <span class='ocrx_word' id='word_1_261' title='bbox 859 4199 884 4267; x_wconf 80' lang='lat'>§§</span> <span class='ocrx_word' id='word_1_262' title='bbox 896 4207 920 4250; x_wconf 79' lang='lat'>5.</span> <span class='ocrx_word' id='word_1_263' title='bbox 932 4206 956 4251; x_wconf 85' lang='grc'>9.</span> 
     </span>
    </p>
   </div>
   <div class='ocr_carea' id='block_1_5' title="bbox 0 0 1448 4852">
    <p class='ocr_par' dir='ltr' id='par_1_6' title="bbox 0 0 1448 4852">
     <span class='ocr_line' id='line_1_38' title="bbox 0 0 1448 4852; baseline 0 4"><span class='ocrx_word' id='word_1_264' title='bbox 0 0 1448 4852; x_wconf 95' lang='lat' dir='ltr'> </span> 
     </span>
    </p>
   </div>
  </div>
 </body>
</html>
