2888 4852
345 433 411 498 390
595 449 729 497 nocam
758 448 804 495 nu
827 447 1035 496 wunnovun

347 607 474 671 lumine
491 615 601 672 totam
618 606 782 689 Angliam
804 606 990 685 illustrari;
1014 605 1204 688 quodcum
1226 603 1301 669 cui-

347 709 426 772 dam
448 717 725 790 matronasquae
743 726 869 789 pueros
891 707 983 788 regis
1003 706 1133 769 nutrire
1156 724 1302 769 consue-

348 816 457 886 verat,
470 808 656 884 retulisset,
666 807 815 890 puellam
834 807 964 890 recepit
980 806 1015 869 in
1031 807 1170 869 domum
1187 823 1300 883 suam,

347 915 383 973 et
405 908 485 972 filiae
509 909 585 972 loco
607 907 702 971 illam
727 907 918 990 suscipiens
947 905 1032 970 cibis
1054 905 1211 970 delicatis
1234 925 1300 969 nu·

348 1008 445 1072 trivit
467 1015 502 1071 et
522 1007 675 1072 vestibus
698 1026 775 1071 eam
797 1006 1000 1071 cultioribus
1023 1006 1175 1070 vestiens
1198 1012 1302 1087 gestu

348 1116 383 1172 et
399 1108 551 1172 moribus
569 1107 779 1172 informavit.
833 1107 878 1170 Et
893 1127 962 1170 non
979 1106 1088 1171 multo
1103 1113 1195 1189 post,
1206 1104 1300 1169 Ead-

348 1208 499 1284 wardus,
515 1206 649 1271 Alfredi
672 1202 791 1289 magni
814 1207 906 1289 regis
930 1207 1035 1284 filius,
1051 1225 1135 1270 casu
1157 1225 1219 1288 per
1235 1205 1302 1270 vil·

348 1307 418 1372 lam
442 1307 613 1371 transiens
636 1307 679 1370 ad
702 1305 841 1370 domum
864 1307 1017 1383 divertit,
1032 1306 1174 1371 credens
1197 1305 1300 1369 famae

350 1427 422 1471 suae
448 1407 688 1472 detrimentum
717 1406 855 1484 referre,
882 1407 912 1471 si
939 1406 1118 1484 nutricem,
1141 1424 1220 1489 quae
1245 1406 1299 1487 ip·

349 1527 425 1570 sum
442 1508 662 1584 educaverat,
673 1507 790 1570 videre
805 1506 988 1583 fastidiret,
1002 1507 1061 1570 ubi
1073 1506 1156 1569 visae
1173 1505 1300 1588 puellae

350 1615 474 1689 captus
500 1626 628 1683 amore,
654 1614 755 1670 noete
782 1607 945 1670 dormivit
971 1625 1048 1670 cum
1079 1624 1133 1683 ea,
1160 1625 1300 1687 unoque

188 1723 316 1764 accounts
350 1707 534 1789 complexu
550 1705 729 1790 [reddidit]
747 1706 976 1789 gravidatam.
1028 1705 1198 1789 Tempore
1219 1725 1301 1788 par-

188 1775 324 1866 fllllll‘
351 1814 407 1870 tus
435 1808 568 1891 peperit
595 1807 716 1884 filium,
746 1827 847 1889 quem
878 1814 1020 1890 propter
1042 1805 1144 1870 fidem
1173 1807 1300 1869 somnii

351 1908 490 1971 vocavit
521 1907 773 1971 Ethelstauum.
826 1905 952 1988 Itaque
980 1926 1061 1988 rege
1093 1906 1300 1984 Eadwardo,

351 2014 518 2090 utsupra
541 2008 670 2070 dictum
692 2015 758 2085 est,
777 2006 950 2083 defuncto,
968 2006 1060 2070 filius
1082 2006 1158 2089 ejus
1180 2005 1301 2070 Ethel-

351 2107 489 2172 wardus
515 2127 561 2170 ex
585 2107 740 2189 legitima
767 2106 916 2189 conjuge
942 2115 1139 2189 generatus,
1165 2114 1300 2190 patrem

352 2208 438 2288 [cita
466 2209 593 2288 morte]
618 2216 757 2272 secutus
785 2214 861 2286 est;
894 2215 976 2271 tuuc
1003 2207 1154 2272 omnium
1181 2205 1301 2271 favore

352 2306 588 2384 EthelstanuS,
621 2307 702 2372 licet
736 2327 780 2370 ex
813 2308 1004 2371 concubina
1039 2314 1234 2390 susceptus,
1263 2307 1301 2370 in

352 2427 467 2487 regem
490 2407 632 2483 electuS,
650 2415 766 2489 spreto
784 2407 963 2484 Eadwino,
981 2407 1131 2470 nondum
1154 2406 1196 2471 ad
1221 2427 1300 2489 reg-

352 2505 503 2570 nandum
526 2514 668 2589 propter
690 2515 826 2571 teneros
849 2527 957 2571 annos
977 2508 1113 2584 idoneo,
1131 2507 1167 2570 iu
1188 2507 1301 2589 Kiug-

352 2614 465 2683 stona,
484 2607 567 2669 villa
587 2607 694 2688 regia,
709 2608 834 2689 ipsum,
854 2615 894 2671 ut
915 2608 1115 2689 praedictum
1137 2615 1202 2685 est,
1217 2627 1300 2672 con-

352 2714 600 2787 secraverunt3
641 2715 862 2770 consecratus
904 2717 1018 2771 autem
1063 2707 1301 2787 Ethelstanus,

352 2806 492 2869 fratrem
515 2827 615 2870 suum
634 2806 851 2884 Eadwinum,
868 2827 970 2889 quem
987 2806 1029 2870 de
1052 2808 1206 2889 legitimo
1228 2827 1303 2871 ma-

351 2906 512 2970 trimonio
549 2907 713 2988 cognovit
751 2914 965 2988 generatum,
1002 2908 1185 2988 nigerrimo
1223 2928 1301 2990 per-

351 3006 495 3070 strinxit
516 3007 607 3083 odio,
632 3014 788 3075 metuens
811 3027 853 3070 ne
876 3027 939 3089 per
960 3008 1071 3089 ipsum
1093 3007 1301 3091 quandoque

351 3125 373 3169 a
397 3107 494 3188 regni
518 3106 605 3171 solio
628 3106 834 3189 privaretur.
888 3107 968 3171 Hac
989 3106 1097 3189 igitur
1118 3109 1300 3174 occasione

351 3205 475 3270 duetus
498 3227 573 3283 rex,
589 3206 728 3271 fratrem
747 3227 846 3270 suum
865 3207 1068 3271 Eadwinum
1086 3207 1197 3272 solum
1219 3229 1297 3274 cum

352 3307 533 3386 armigero,
564 3307 599 3370 in
634 3307 795 3371 navicula
825 3315 999 3371 vetustate
1034 3308 1223 3386 confracta,
1262 3310 1297 3373 in

352 3407 456 3469 maris
487 3407 599 3471 medio
623 3408 697 3470 sine
723 3408 852 3489 remige
879 3415 913 3471 et
940 3407 1095 3489 remigio,
1119 3407 1297 3473 dimissum

351 3504 592 3569 miserabiliter
615 3506 780 3588 Neptuno
808 3508 990 3584 commisit,
1014 3508 1072 3571 ubi
1099 3508 1300 3574 adolescens

351 3604 409 3667 ille
431 3605 663 3669 intertinctus
686 3606 791 3670 maris
807 3608 889 3670 vitae
906 3616 1086 3689 pertaesus,
1105 3608 1300 3674 voluntario

351 3704 544 3786 praecipitio
573 3706 673 3769 undis
701 3726 777 3769 sese
804 3707 1009 3787 submersit3
1041 3709 1190 3790 armiger
1216 3729 1300 3774 vero

352 3823 441 3869 nuuc
463 3805 619 3886 pedibuS,
636 3807 737 3870 modo
760 3808 917 3870 manibus
940 3807 1153 3888 remigando,
1173 3829 1299 3893 corpus

351 3904 480 3968 domini
503 3907 558 3968 sui
584 3925 605 3969 a
629 3906 846 3970 Dorobernia
868 3908 903 3969 in
921 3908 1083 3972 Witsand
1106 3909 1149 3972 ad
1174 3917 1299 3973 terram

351 4006 526 4087 perduxit.
592 4006 817 4070 Ethelstanus
847 4026 921 4084 rex,
953 4015 1138 4090 postquam
1170 4010 1214 4072 ab
1246 4011 1298 4074 ira

351 4104 532 4183 deferbuit,
565 4113 635 4170 tam
666 4127 803 4171 enorme
832 4105 960 4170 sactum
991 4107 1190 4185 abhorrens
1220 4130 1298 4193 sep·
1326 4100 1331 4107 ’

350 4209 446 4269 tenui
477 4207 683 4290 poenitentia
713 4215 868 4292 accepta,
895 4207 1119 4272 fratricidium
1147 4210 1298 4289 deflevit,
