2888 4852
446 422 588 496 enonas
612 423 883 474 ursroamauu.
1075 409 1142 476 223

186 575 231 641 ad
250 577 341 642 diem
357 577 549 643 Dominicae
574 579 798 657 ascensionis,
820 581 855 644 id
878 587 932 645 est
956 579 1141 663 septimum

186 674 259 740 kal.
281 676 393 754 Junii,
420 678 575 761 quotidie
599 679 778 760 discipulis
807 679 880 742 suis
905 681 1072 744 lectiones
1094 700 1140 745 ex

186 774 312 848 divinis
335 777 516 860 scripturis
535 778 756 853 distribuens,
780 779 942 861 quicquid
969 780 1140 862 reliquum

188 881 264 939 erat
285 875 354 938 diei
378 876 414 938 in
434 876 645 960 psalmorum
675 884 846 941 concentu
868 883 904 941 et
926 878 1139 942 orationibus

189 973 405 1055 transigebat
423 995 432 1054 3
456 982 590 1040 noctem
606 995 689 1040 vero
706 982 816 1039 totam
831 977 868 1039 in
883 977 1007 1040 laetitia
1023 985 1059 1041 et
1076 997 1139 1041 ex·

188 1072 370 1151 ultatione,
389 1075 492 1137 simul
514 1094 593 1138 cum
612 1075 802 1155 gratiarum
823 1076 971 1151 actione,
991 1076 1139 1157 pervigil

189 1172 349 1247 ducebat,
372 1173 439 1236 nisi
455 1173 608 1236 vicissim
630 1192 770 1237 somnus
785 1173 1007 1255 vpermodicus
1032 1174 1139 1256 impe·

189 1270 286 1334 diret.
339 1269 460 1335 Tertia
478 1279 594 1336 autem
609 1270 696 1335 feria
712 1279 793 1335 aute
813 1273 1048 1336 ascensionem
1065 1273 1139 1338 Do-

189 1368 351 1434 minicam
375 1371 483 1453 coepit
504 1370 740 1435 vehementius
769 1379 939 1452 aegrotare
967 1372 1003 1434 in
1033 1373 1139 1436 anhe-

189 1467 267 1545 litu,
285 1475 391 1551 atque
410 1475 526 1534 tumor
541 1470 697 1533 modicus
710 1471 746 1532 in
765 1471 917 1552 pedibus·
935 1472 1139 1553 apparebat,

189 1567 314 1631 vicinae
339 1569 461 1632 mortis
486 1586 668 1651 praesagus
697 1575 733 1631 et
761 1569 890 1647 indens:
915 1574 999 1632 tunc
1026 1571 1140 1634 accita

189 1666 459 1747 congregatione
487 1668 651 1732 inunctus
687 1674 741 1730 est
771 1686 849 1730 cum
881 1667 1001 1730 osculo
1030 1669 1139 1749 pacis,

189 1772 295 1847 atque
314 1766 441 1831 viatico
458 1773 655 1830 reverenter
671 1773 707 1829 et
723 1784 801 1829 cum
818 1765 1003 1848 lachrymis
1020 1784 1139 1850 sump-

190 1870 239 1940 to,
255 1865 453 1928 memoriam
469 1884 542 1928 suae
563 1866 688 1928 animae
703 1883 725 1928 a
746 1865 893 1945 singulis
910 1864 1139 1946 implorabat3

189 1962 364 2026 nonnullis
382 1983 465 2027 vero
487 1963 530 2026 de
557 1962 723 2027 fratribus
745 1963 1002 2026 familiariorem
1025 1963 1139 2030 decla·

190 2079 284 2151 rans·
297 2062 497 2139 amicitiam,
530 2063 671 2127 xeniola
699 2061 859 2144 quaedam
889 2063 1057 2126 secretius
1087 2069 1142 2130 est

191 2159 350 2241 largitus.
414 2161 481 2224 Die
511 2179 649 2244 quoque
683 2160 878 2224 Dominicae
916 2161 1141 2240 ascensionis,

190 2277 269 2324 cum
289 2258 364 2341 jam
390 2261 506 2323 exitus
539 2261 664 2323 animae
694 2260 737 2323 de
766 2277 910 2341 corpore
934 2260 1141 2339 immineret,

190 2364 312 2422 contra
336 2360 536 2434 oratorium,
553 2359 590 2421 in
611 2378 680 2440 quo
708 2378 807 2422 orare
831 2366 1071 2437 consueverat,
1094 2360 1143 2423 ci-

190 2454 270 2520 licio
292 2458 357 2519 sub
382 2475 421 2520 se
442 2457 557 2539 posito
581 2457 800 2533 decumbens,
821 2457 957 2539 integro
981 2459 1083 2522 vultu
1105 2466 1142 2524 et

190 2574 306 2633 sensu,
323 2555 442 2637 sicque
462 2555 754 2639 dicens'Spiritus
777 2556 897 2619 Sancti
919 2557 1069 2637 gratiam
1090 2558 1143 2621 in-

191 2654 339 2730 vitabat,
352 2659 363 2687 ‘
378 2653 409 2717 Ο
423 2654 504 2718 Rex
513 2655 646 2736 gloriae,
658 2655 806 2720 Domine
815 2656 995 2731 virtutum,
1006 2657 1065 2737 qui
1080 2657 1143 2722 tri-

192 2752 377 2835 umphator
392 2751 494 2816 hodie
512 2773 617 2836 super
630 2773 749 2817 omnes
765 2754 868 2818 caelos
885 2753 1083 2830 ascendisti,
1098 2774 1143 2818 ne

191 2852 409 2934 derelinquas
431 2871 494 2915 nos
521 2852 706 2933 orphanos,
729 2852 790 2915 sed
811 2853 910 2916 mitte
935 2853 1142 2933 promissum

193 2949 310 3015 Patris
331 2951 367 3013 in
390 2970 454 3014 nos
471 2950 636 3033 Spiritum
653 2951 833 3028 veritatis,'
856 2949 970 3014 etheo
985 2951 1143 3015 oratione

192 3050 364 3132 completa
394 3050 553 3131 spiritum
581 3050 771 3114 exhalavit.
835 3049 995 3113 Exeunte
1026 3057 1142 3114 autem

194 3148 320 3225 anima,
350 3150 454 3212 talem
485 3148 625 3213 odorem
650 3146 876 3233 [senserunt]
911 3148 1048 3229 qualem
1079 3167 1142 3214 nec

194 3247 384 3330 thymiama
406 3248 527 3330 spirat,
558 3268 621 3312 nec
652 3248 806 3331 pretiosa
830 3247 986 3311 balsama
1013 3248 1142 3311 submi-

194 3346 354 3409 nistrant.
406 3346 569 3428 Sepultus
586 3354 639 3410 est
654 3354 770 3410 autem
787 3353 870 3410 tunc
884 3347 920 3408 in
935 3347 1055 3410 eodem
1071 3367 1144 3412 mo·
1156 3367 1251 3408 naeu

194 3446 357 3522 nasterio,
384 3438 461 3509 ¹sed
483 3445 586 3508 modo
609 3464 687 3509 cum
713 3445 817 3508 beato
840 3444 1044 3524 Cutbberto,
1066 3446 1143 3510 Du·
1156 3418 1230 3458 Μ’

193 3543 359 3607 nelmensi
386 3543 560 3626 episcopo,
582 3544 766 3628 requiescit
787 3544 824 3607 in
845 3543 968 3607 locello
991 3564 1036 3607 ex
1059 3563 1144 3608 auro

193 3648 229 3706 et
243 3649 388 3725 argento
402 3642 604 3708 fabrefacto.

230 3916 299 3965 ¹Sed
315 3909 414 4035 modost
423 3917 474 3965 llis
492 3916 571 3965 bones
588 3930 656 3964 were
683 3931 699 3964 a
717 3915 802 3977 monk,
814 3916 928 3966 between
943 3915 985 3964 the
997 3929 1071 3977 years
1083 3918 1145 3964 1⁰21

192 3986 376 4047 tramlatedby
416 3985 657 4048 etbettot'llelirid,
682 3985 732 4034 and
745 3989 818 4036 loll.
854 3986 1119 4046 Introd.p.rr.uote.
