2888 4852
363 396 430 460 350
623 413 758 461 uocant
783 415 829 461 nn
853 414 1060 463 wnunovnn

361 570 509 635 navibus
536 591 605 636 non
630 572 773 636 modicis
797 571 1116 654 Rotbomagensem
1145 570 1317 635 adeuntes

361 670 493 747 urbem,
518 671 595 752 ipsa
619 679 772 735 cremata
797 678 833 735 ct
860 671 1022 753 spoliata,
1044 672 1121 735 neci
1146 671 1316 754 populum

361 769 587 834 tradiderunt.
641 769 729 834 Inde
751 790 833 834 vcro
854 769 982 834 Galliae
1004 769 1171 834 interiora
1192 776 1315 852 peten-

361 874 427 944 tes,
451 888 473 932 a
495 868 718 934 Genuabensi
744 870 840 945 urbe,
863 889 925 952 per
948 877 1184 933 transversum
1208 868 1317 932 Lute-

363 966 447 1030 tiam
477 974 605 1032 cuncta
635 987 745 1049 usque
776 966 932 1032 Parisios
962 968 1145 1031 barbarica
1175 969 1316 1031 feritate

362 1073 591 1145 consumunt3
625 1066 749 1131 deinde
778 1067 964 1131 stationem
995 1067 1138 1131 navium
1170 1084 1314 1130 suarum

362 1163 399 1226 iu
422 1164 537 1228 insula
557 1165 707 1246 quadam
733 1166 846 1230 sancti
865 1165 1032 1230 Florentii
1055 1164 1213 1230 coenobio
1229 1166 1316 1229 vici-

363 1281 409 1326 na
437 1271 693 1346 componentes,
716 1271 827 1328 totam
855 1266 1078 1329 circumcirca
1101 1264 1316 1347 provinciam
1391 1328 1395 1338 ,

363 1360 585 1442 deleverunt3
610 1365 729 1427 urbem
752 1383 891 1447 quoquc
913 1364 1134 1433 Nameticam
1155 1364 1317 1428 inccndio

363 1461 552 1539 tradentes,
580 1460 938 1545 Andegavensemque
971 1464 1146 1545 regionem
1180 1463 1314 1546 perlus-

363 1566 497 1625 trantes
518 1570 710 1644 cunctaque
733 1561 886 1625 cedibus
907 1563 1112 1643 polluentes,
1140 1580 1218 1626 cum
1241 1581 1316 1625 om·

362 1659 464 1723 nibus
482 1658 741 1725 Pictaveusium
762 1660 914 1724 castellis
934 1668 970 1725 et
987 1662 1128 1725 urbibus
1143 1661 1315 1744 populan-

363 1764 431 1824 tur.
493 1759 711 1823 Turonorum
748 1759 935 1824 novissime
963 1761 1094 1825 adeunt
1120 1760 1311 1838 civitatem,

363 1876 467 1940 quam
496 1857 731 1923 innocentium
760 1859 912 1923 caedibus
938 1859 1241 1936 commaculantes,
1266 1859 1311 1923 ad

362 1956 522 2022 ultimum
544 1977 620 2022 eam
642 1957 780 2040 ignibus
811 1957 1052 2038 tradiderunt3
1082 1958 1229 2041 indeque
1252 1978 1312 2023 su·

362 2057 500 2138 periora
529 2056 665 2139 Ligeris
695 2057 842 2121 navibus
874 2064 1091 2140 expetentes,
1115 2056 1314 2122 Aurelianis

362 2163 604 2237 pervenerunt,
629 2175 733 2239 quam
756 2156 859 2220 rebus
885 2156 1042 2220 omnibus
1065 2157 1310 2240 depopulatam

363 2253 502 2318 taudem
535 2256 653 2319 urbem
686 2255 922 2319 combustione
949 2264 1166 2320 consumunt.
1219 2255 1313 2334 Quid

363 2350 584 2434 Aquitanicae
606 2355 721 2436 gentis
749 2353 969 2419 afflictionem
994 2355 1152 2433 referam,
1174 2374 1252 2419 oum
1273 2354 1312 2417 in

362 2450 460 2533 ipsis,
482 2472 551 2516 uon
573 2452 749 2535 oppidum,
770 2472 840 2517 non
862 2455 972 2532 vicus,
995 2475 1064 2519 non
1089 2455 1236 2538 denique
1260 2455 1312 2518 ci·

363 2550 455 2614 vitas
472 2560 533 2616 ant
547 2554 740 2631 castellum,
757 2554 951 2618 libertatem
970 2554 1205 2630 obtinuerunt,
1219 2554 1312 2636 quod

364 2669 433 2713 nou
460 2650 582 2716 borum
607 2653 706 2717 ferali
732 2654 827 2716 rabie
857 2653 1044 2717 conciderit
1071 2656 1312 2737 paganorunt

364 2745 569 2816 Testantur¹
585 2751 659 2816 baec
674 2751 824 2829 Pictavi,
842 2751 917 2816 baec
932 2753 1135 2829 Sanctones,
1149 2752 1222 2817 baec
1240 2752 1312 2815 En·

364 2849 560 2930 golismum,
590 2851 665 2915 baec
694 2850 968 2933 Petragoricnm,
998 2851 1072 2916 baec
1101 2851 1315 2928 Lemovices,

364 2949 439 3013 baec
456 2949 629 3028 Avernus,
651 2950 726 3017 baec
743 2950 944 3028 Avaricum,
966 2959 1073 3034 caput
1094 2950 1316 3034 Aquitanicae

364 3069 526 3132 regroms.

490 3221 631 3304 Qualem
644 3221 754 3309 predo
773 3222 943 3287 Heetaioac
964 3221 1068 3287 urban
1089 3222 1192 3287 Limis

730 3319 949 3407 suljopaveae.

202 3470 329 3511 nonme·
416 3445 486 3509 His
503 3445 610 3527 igitur
625 3454 731 3528 atque
753 3445 950 3529 hujusmodi
972 3444 1131 3522 miseriis,
1147 3454 1186 3510 nt
1201 3445 1316 3528 praeli·

202 3520 321 3561 mm
365 3544 536 3621 bavimus,
554 3543 680 3608 Galliis
697 3545 869 3621 contritis,
886 3544 1091 3622 Hasteinus,
1111 3544 1229 3627 praedo
1254 3564 1316 3609 ne·

365 3643 563 3726 quissimus,
577 3643 621 3707 ad
638 3644 756 3708 urbem
772 3637 899 3707 'Limis
914 3643 1061 3708 navibus
1075 3645 1240 3708 devectus
1255 3643 1315 3707 de-

364 3743 526 3808 liberavit
554 3762 631 3808 eam
669 3744 861 3826 irruptione
890 3744 1005 3807 subita
1036 3743 1216 3822 obtinere,
1253 3742 1313 3807 sed

400 4011 551 4063 ¹Tertnstar
569 4013 619 4063 ltaec
640 4011 768 4077 Plataea]
791 4011 825 4061 So
884 4006 1008 4075 ’Limis.]
1030 4009 1084 4058 The
1100 4022 1170 4058 same
1187 4008 1314 4070 authority

361 4084 474 4134 william
489 4084 518 4133 of
526 4082 669 4146 Jumitger,
679 4083 725 4133 lib.
737 4083 755 4132 i.
767 4096 824 4143 cap.
849 4095 909 4140 says
921 4080 975 4129 that
986 4080 1017 4129 be
1029 4095 1083 4129 was
1094 4078 1212 4141 baptized
1224 4084 1251 4128 at
1263 4079 1314 4125 Lu-

361 4158 386 4203 8.
849 4165 891 4212 na,
902 4151 928 4198 in
940 4150 1017 4213 ltaly,
1029 4152 1047 4200 i.
1059 4147 1071 4215 §
1082 4154 1107 4198 9.
