2888 4852
548 408 720 456 brunnon.
1072 403 1108 462 xi

156 570 196 626 nt
217 562 342 626 saltem
365 563 430 626 sibi
452 572 488 628 et
507 564 740 646 quadraginta
763 563 930 631 militibus
954 569 1027 632 suis
1050 590 1108 635 ue-
1121 588 1240 648 macanos

154 663 306 727 cessaria
337 663 600 744 ministrarent3
639 683 729 747 quae,
763 685 841 729 cnm
870 667 1106 750 indignatione
1119 638 1234 688 '‘mm‘'

154 764 296 826 verbum
329 782 374 827 ex
404 762 515 846 ipsius
541 783 601 827 ore
627 765 810 846 rapientes,
840 766 1003 832 dixerunt
1027 788 1105 833 eum

154 881 271 925 senem
298 881 385 940 esse,
409 862 554 926 delirum
578 871 615 927 et
635 864 841 941 mendicum,
864 885 905 929 ac
931 874 1029 932 tanta
1053 869 1104 933 sa·

154 960 248 1025 milia
263 962 455 1044 indignum,
473 962 533 1026 sed
557 963 588 1026 si
609 963 759 1027 voluerit
780 983 857 1027 cum
879 984 947 1028 uno
968 973 1102 1031 tantum

151 1060 261 1125 milite
283 1063 412 1143 poterit
433 1061 615 1126 demorari.
674 1061 726 1126 At
747 1082 822 1140 rex,
845 1063 989 1144 gloriam
1014 1068 1102 1148 pris·

151 1160 234 1223 tinae
264 1160 444 1242 dignitatis
472 1162 515 1225 ad
547 1162 746 1225 memoriam
772 1162 951 1240 reducens,
977 1165 1027 1228 ait
1049 1166 1101 1228 in·

151 1268 266 1324 traso
291 1279 369 1322 cum
395 1260 492 1336 lletu,
511 1260 561 1323 ‘0
580 1259 765 1337 Cordeilla,
788 1280 892 1344 quam
916 1282 999 1326 vera
1020 1272 1102 1327 sunt

152 1378 231 1440 quae
254 1359 338 1423 mibi
363 1360 495 1436 dixisti,
518 1367 686 1441 quantum
708 1360 814 1424 babes
838 1367 972 1424 tautum
993 1362 1100 1440 vales,

150 1465 186 1521 et
211 1477 277 1539 ego
306 1466 342 1523 te
371 1466 507 1523 tautum
536 1459 657 1540 diligo.
709 1459 801 1523 Dum
833 1458 950 1537 habui,
982 1459 1098 1541 valui;

150 1557 251 1620 modo
274 1577 344 1621 non
366 1557 476 1622 habeo
494 1565 530 1622 et
545 1558 623 1622 idco
644 1578 713 1622 non
729 1559 839 1623 valeo.
893 1559 995 1624 Unde
1018 1580 1100 1624 con-

148 1663 231 1732 stat,
254 1657 347 1740 quod
371 1657 451 1721 filiae
478 1677 564 1721 mcae
592 1658 830 1740 primogenitae
858 1677 926 1721 nou
956 1678 1011 1722 me
1036 1660 1097 1724 sed

149 1774 244 1819 meas
273 1755 414 1820 divitias
443 1765 480 1821 et
502 1776 641 1820 munera
676 1757 896 1821 dilexerunt?
949 1757 996 1822 Et
1023 1757 1098 1822 haec

146 1855 275 1937 saepius
304 1875 366 1919 rex
397 1864 512 1920 menta
543 1856 722 1920 revolvens
751 1856 921 1938 disposuit
951 1857 1097 1939 probare

148 1953 253 2017 filiam
275 1973 375 2017 suam
397 1954 617 2032 Cordeillam,
643 1956 743 2038 cujus
767 1956 1014 2036 benignitatem
1036 1955 1096 2020 de·

147 2061 339 2133 meruerat3
372 2062 407 2118 et
430 2073 525 2118 mare
552 2075 630 2118 cum
660 2053 880 2118 festinatione
907 2056 1095 2136 ingressus,

147 2151 238 2216 selici
269 2172 373 2216 cursu
403 2154 440 2216 in
466 2154 623 2236 partibus
649 2152 817 2236 applicuit
844 2155 1092 2220 transmarinis.

147 2250 301 2315 Veniens
322 2253 440 2335 itaque
457 2253 607 2330 Cariam,
629 2253 688 2316 ubi
709 2251 781 2315 filia
802 2271 867 2315 sua
883 2254 1094 2333 morabatur,

146 2351 239 2415 misit
260 2352 401 2416 adeam
424 2353 582 2417 nuntium
603 2372 716 2429 suum,
736 2351 796 2434 qui
815 2352 927 2434 ipsum
947 2352 990 2416 ad
1015 2362 1092 2416 tan·

146 2458 215 2514 tam
238 2452 443 2534 productum
466 2452 617 2535 inopiam
639 2452 818 2516 indicaret.
865 2450 945 2529 Quo
964 2453 1093 2529 audito,

146 2551 333 2629 Cordeilla,
358 2552 401 2617 de
428 2553 538 2635 patris
563 2559 736 2616 commota
759 2551 910 2628 miseria,
932 2553 1095 2633 quaesivit

145 2670 220 2715 cum
249 2651 435 2735 lachrymis
461 2659 548 2734 quot
570 2652 607 2715 in
631 2650 763 2715 familia
787 2650 913 2714 milites
940 2651 1092 2716 baberet.

147 2750 328 2816 Indicaute
359 2759 474 2816 autem
502 2751 636 2827 nuntio,
662 2751 754 2833 quod
782 2769 859 2814 cum
886 2749 961 2814 solo
985 2751 1093 2814 milite

146 2859 180 2914 et
201 2870 271 2914 uno
304 2852 475 2934 armigero
507 2851 716 2926 advenisset,
750 2850 915 2932 praecepit
940 2849 1032 2913 illico
1054 2859 1093 2914 ut

144 2958 276 3031 patrem
311 2970 411 3014 suum
448 2951 491 3014 ad
530 2950 633 3014 aliam
671 2949 872 3032 perduceret
904 2948 1092 3026 civitatem,

145 3051 230 3114 daus
253 3052 377 3115 nuntio
401 3069 522 3114 aurum
547 3057 583 3114 et
608 3056 789 3131 argentum
812 3067 880 3110 uon
909 3046 1092 3124 modicum,

144 3158 180 3214 et
192 3150 366 3232 regalibus
381 3150 538 3214 indutum
556 3148 766 3213 ornamentis
783 3147 979 3210 honoraret.
1009 3144 1033 3209 J
1036 3166 1093 3210 us-

145 3251 190 3315 sit
204 3252 321 3327 etiam,
337 3256 377 3313 ut
389 3258 489 3332 pater
504 3249 736 3331 quadraginta
750 3247 876 3310 milites
891 3266 970 3310 cum
986 3246 1092 3310 nobili

144 3358 314 3432 apparatu
331 3351 505 3427 retineret,
520 3357 556 3412 et
572 3349 621 3411 sic
641 3348 715 3428 regi
740 3347 952 3410 Francorum
976 3365 1013 3409 se
1031 3346 1091 3409 ad·

144 3451 281 3514 venisse
307 3451 494 3514 nuntiaret.
546 3446 700 3511 Veniens
725 3447 805 3510 Leir
831 3465 892 3509 rex
919 3446 953 3507 in
982 3444 1093 3508 forma

144 3549 312 3632 praedicta
328 3548 373 3612 ad
394 3568 508 3631 regem
530 3546 698 3610 indicavit
713 3547 744 3610 ei
762 3552 797 3609 et
817 3545 896 3607 liliae
918 3562 1003 3619 suae,
1023 3564 1091 3626 quo

143 3650 263 3713 ordine
286 3668 308 3713 a
331 3649 516 3712 Britannia
537 3648 651 3710 fuerat
672 3666 733 3729 por
755 3662 902 3726 generos
924 3661 1006 3706 suos
1029 3663 1091 3705 ex·

143 3749 275 3831 pulsus,
291 3755 327 3813 et
343 3749 387 3812 ad
406 3749 500 3830 ipsos
522 3749 566 3810 ob
583 3745 649 3809 hoc
667 3765 705 3808 se
723 3744 857 3808 venisse
873 3749 1033 3819 testatur,
1053 3750 1092 3806 ut

144 3868 262 3913 eorum
281 3848 412 3912 auxilio
429 3866 573 3929 regnum
591 3852 809 3926 recuperaret
825 3843 1000 3907 amissum.
1041 3841 1093 3906 At

142 3948 194 4012 illi
214 3968 331 4031 regem
353 3947 539 4011 honorifice
562 3945 789 4027 suscipientes
812 3942 978 4005 miserunt
998 3940 1092 4022 lega-

142 4056 199 4112 tos
222 4049 258 4111 in
282 4065 400 4112 omnes
417 4045 543 4110 Galliae
567 4045 664 4120 lines,
686 4050 726 4107 ut
741 4043 892 4106 universi
910 4042 1036 4104 milites
1057 4047 1092 4104 et

141 4149 343 4225 servientes,
368 4148 427 4229 qui
451 4165 548 4210 arma
571 4164 709 4209 movere
729 4148 883 4226 possent,
907 4161 982 4205 cum
1007 4139 1091 4223 ipsis
