2888 4852
187 768 240 808 AD.
253 768 295 808 7⁵2.

184 818 244 857 Wars
252 819 276 857 ot

342 380 407 445 232
602 393 735 440 nocem
761 394 807 440 nn
830 394 1036 442 wrnoovnn

477 628 526 690 De
534 647 646 712 papan
661 647 765 712 repam
781 625 928 692 Cotdredi
941 633 969 690 et
982 622 1172 689 Atbllaldi.

398 748 502 814 Anno
517 752 658 815 Domini
675 767 809 815 occult.
827 750 1036 826 cuthredus,
1059 768 1122 813 rex
1137 749 1296 813 occiden-

186 868 330 908 carnonam
349 849 469 912 talium
496 850 686 926 Saxonum,
714 870 790 913 cum
816 851 909 931 regis
936 848 1143 912 Marciorum
1170 845 1296 912 Athel-

187 918 319 958 Aethelhald.

348 949 441 1012 baldi
459 951 627 1031 superbas
642 950 841 1013 exactiones
855 957 890 1012 et
907 947 1109 1011 insolentias
1124 947 1212 1011 ferre
1226 967 1295 1011 non

347 1056 477 1131 posset,
492 1049 641 1112 occurrit
658 1048 690 1113 ei
704 1048 875 1112 hostiliter
888 1046 980 1130 apud
995 1040 1212 1122 ¹Beorefonl,
1236 1048 1296 1110 ubi

348 1147 505 1230 praelium
535 1148 778 1229 gravissimum
809 1147 891 1210 dicti
915 1165 1017 1227 reges
1037 1145 1293 1210 commiserunt.

349 1244 579 1310 Athelbaldus
610 1266 705 1323 vero,
734 1240 969 1328 ²praecedente
995 1243 1195 1308 Athelhuno
1217 1263 1296 1308 cum

349 1345 479 1408 vexillo
501 1345 589 1428 ejus,
606 1346 727 1427 inquo
750 1352 825 1408 erat
848 1364 975 1408 aureus
997 1343 1102 1406 draco
1124 1342 1295 1426 depictus,

350 1444 476 1508 acriter
492 1445 593 1508 soevit
613 1446 649 1508 in
675 1444 803 1520 hostes,
820 1443 880 1506 sed
894 1442 1068 1506 vexillifer
1082 1442 1174 1522 regis
1189 1441 1296 1505 Cuth-

350 1542 422 1606 redi
447 1543 482 1606 in
508 1543 666 1607 hostilem
692 1543 922 1607 vexilliferum
953 1542 1108 1605 lanceam
1132 1540 1296 1621 dirigens,

350 1642 540 1723 perforavit
562 1661 652 1719 eum,
675 1643 778 1718 unde,
798 1641 947 1707 clamore
969 1641 1072 1716 elato,
1090 1658 1173 1722 pars
1188 1639 1298 1704 Cuth-

348 1740 421 1804 redi
439 1741 540 1806 valde
555 1741 750 1805 confortata
772 1749 834 1805 est.
874 1740 1081 1804 Tonitruum
1108 1759 1191 1821 ergo
1215 1741 1294 1803 belli

349 1847 384 1903 et
399 1841 533 1903 sonitus
557 1841 701 1918 ictuum,
717 1842 952 1922 clamoresque
967 1839 1046 1903 hinc
1068 1838 1147 1901 inde
1168 1838 1297 1902 caden-

350 1940 448 2015 tium,
473 1940 671 2003 terribiliter
697 1946 968 2022 pcrsonuerunt3
995 1957 1075 2021 spes
1098 1945 1151 2001 est
1177 1945 1298 2002 mutuo

350 2037 504 2103 victoriae
532 2045 639 2114 certa,
661 2039 827 2103 memoria
851 2038 943 2120 sugae
975 2037 1083 2112 nulla,
1115 2037 1176 2100 sed
1201 2037 1297 2101 Deus

349 2137 501 2214 tandem,
529 2139 588 2220 qui
614 2139 772 2220 superbis
798 2137 941 2213 resistit,
963 2143 999 2200 et
1024 2137 1210 2199 humilibus
1235 2136 1297 2202 dat

349 2236 511 2317 gratiam,
545 2235 790 2301 Athelbaldum
827 2238 863 2300 in
901 2236 1019 2317 fugam
1053 2235 1230 2317 compulit,
1262 2244 1297 2300 et

348 2333 432 2398 laeta
455 2335 631 2399 Cuthrcdo
656 2337 802 2400 victoria
829 2335 1000 2418 provenit.
1053 2334 1183 2399 Eodem
1205 2354 1297 2399 anno

351 2427 506 2516 ³cclipsis
537 2436 629 2498 lunae
660 2443 740 2518 post
767 2443 903 2499 noctem
935 2433 1082 2497 mediam
1109 2435 1202 2498 facta
1231 2442 1296 2511 est,

350 2532 459 2614 pridie
474 2532 545 2597 kal.
561 2533 725 2615 Augusti.

400 2630 504 2696 Anno
540 2633 681 2697 Domini
721 2650 868 2697 noctur.
899 2639 1042 2697 sanctus
1063 2627 1297 2709 *Bonifacius

351 2731 569 2813 Mogontinae
598 2733 693 2796 urbis
715 2734 908 2816 episcopus,
929 2752 1006 2796 cum
1029 2732 1106 2795 aliis
1128 2733 1298 2816 qninqua-

350 2831 449 2912 ginta
462 2833 585 2906 trihus,
600 2833 635 2896 in
652 2832 773 2896 Fresia
790 2831 988 2915 [martyrio]
1006 2840 1204 2895 coronatur.

396 2928 497 2993 Anno
514 2932 653 2995 Domini
676 2948 818 2994 bocum.
837 2924 1220 3007 sanctns⁵Bonisacius,
1235 2932 1294 3012 qui

349 3037 384 3093 et
399 3029 592 3094 Winl'ridus
614 3031 750 3107 dicitur,
773 3030 983 3095 Francorum
1007 3029 1296 3112 archiepiscopus,

348 3148 411 3210 per
424 3130 626 3212 martyrium
639 3128 797 3193 decessit.

398 3225 503 3291 Anno
525 3228 664 3292 Domini
687 3245 813 3292 ccccv.
832 3227 1039 3304 Guthrodus,
1058 3247 1120 3292 rex
1137 3228 1295 3292 occiden-

381 3468 389 3500 ¹
402 3469 556 3531 Beorefordj
578 3472 697 3533 Burford,
715 3472 742 3520 in
753 3471 808 3521 01-
867 3471 1053 3534 ⁴Bonisociua.]
1071 3472 1195 3521 Mabillon
1209 3475 1296 3536 places

345 3540 478 3591 fordshire.
833 3541 875 3590 the
890 3543 949 3591 date
967 3541 997 3590 of
1012 3541 1078 3590 their
1096 3541 1172 3590 death
1191 3545 1215 3592 in
1228 3547 1276 3592 ⁷⁵4
1286 3559 1294 3603 ;

380 3606 809 3673 ’Precedeatedtloelbuno.]llunt·
833 3612 925 3661 Annal.
938 3612 965 3660 ii.
977 3627 1002 3672 p.
1020 3614 1075 3660 1⁷0.
1111 3611 1165 3660 The
1180 3614 1253 3662 letter
1268 3614 1298 3663 of

346 3680 449 3741 lugdun,
459 3679 521 3727 with
539 3685 638 3741 greater
648 3680 809 3742 probability,
833 3681 954 3730 Boniface
967 3687 993 3728 to
1005 3680 1158 3730 Aethelbald
1178 3682 1200 3729 is
1219 3685 1292 3744 given

345 3749 423 3798 ranke
440 3748 584 3797 Aethelhun
602 3765 634 3798 on
653 3749 696 3798 the
712 3750 767 3799 side
783 3751 812 3798 of
832 3751 865 3811 by
892 3751 1060 3811 Malmsbury,
1081 3749 1095 3815 ξ
1113 3755 1162 3811 8ος
1186 3751 1226 3799 his
1249 3752 1293 3801 life

346 3818 469 3879 Cuthred,
486 3824 512 3867 to
523 3818 605 3866 whom
618 3833 699 3868 seems
713 3820 808 3880 mainly
832 3821 865 3880 by
877 3819 1007 3868 willibald
1025 3819 1075 3866 and
1089 3820 1173 3868 others
1183 3821 1206 3869 is
1216 3824 1294 3882 print·

345 3891 371 3936 to
390 3888 421 3936 be
444 3889 581 3937 attributed
598 3888 640 3937 the
663 3903 765 3937 success
781 3890 811 3938 of
831 3890 862 3937 ed
880 3889 905 3936 in
929 3889 970 3937 the
988 3889 1055 3936 Acta
1076 3890 1121 3939 SS.
1143 3890 1205 3940 Jun.
1229 3893 1246 3940 i.
1267 3908 1292 3954 p.

344 3957 452 4019 theday.
470 3958 572 4019 Scriptt.
580 3964 636 4019 post
644 3959 708 4006 Ded.
715 3974 741 4019 p.
750 3963 806 4007 341.
830 3962 887 4007 loo.
924 3961 972 4007 See
990 3958 1044 4007 also
1063 3960 1087 4006 le
1105 3960 1204 4021 Cointe,
1222 3977 1245 4010 v.
1266 3979 1291 4025 p.

379 4025 390 4054 ³
413 4029 519 4091 Eclipeis
542 4029 626 4090 luam]
650 4029 684 4076 So
706 4030 805 4076 Simeon
830 4033 887 4077 50⁴.

343 4097 392 4145 and
423 4098 554 4148 Hoveden.
590 4101 638 4147 See
667 4097 806 4160 Calvisius,
864 4095 1113 4159 ⁵Bonffluiuapaiut
1127 4098 1292 4163 ll'insridus5]

342 4181 368 4226 p.
380 4171 439 4229 631,
450 4168 497 4216 col.
511 4173 535 4217 2.
829 4167 870 4216 tho
882 4181 950 4215 same
962 4167 1023 4215 with
1035 4167 1077 4216 the
1089 4168 1234 4230 preceding.
