2888 4852
344 423 411 488 300
600 440 735 488 nocnnr
760 439 807 488 nn
831 440 1038 489 wsnnovnn

344 596 477 662 scilicet
493 597 682 676 Ethelredi,
693 597 830 663 comitis
844 591 1073 675 ¹Gannorum,
1088 595 1148 679 qu'i
1164 600 1296 678 cognoss'

345 698 542 762 minabatur
559 697 747 776 ‘Mucbel,’
757 698 849 781 quod
863 697 1007 762 Latine‘
1017 695 1169 779 grandis'
1177 705 1292 760 sonat.

345 794 463 862 Mater
485 817 567 862 vero
594 798 670 882 ejus
695 796 883 880 Eadburga
905 798 1095 873 dicebatur,
1117 796 1161 860 de
1186 795 1293 861 nobili

343 914 470 978 genere
495 916 615 980 regum
642 897 907 980 praedictorum
929 896 1047 980 puella
1069 916 1164 973 vero,
1187 915 1292 978 quam

343 995 627 1079 desponsaverat,
638 996 811 1061 Alswitha
825 997 1014 1061 dicebatur.
1041 989 1186 1060 'Eodem
1200 1014 1293 1059 anno

342 1096 549 1178 sepedictus
566 1097 747 1161 Danorum
771 1097 946 1161 exercitus
968 1094 1293 1160 Nortbanhnmbros

342 1188 791 1277 deserens,³Snotingeham
809 1195 895 1260 adiit
909 1205 945 1261 et
960 1195 1085 1260 ibidem
1101 1194 1289 1278 hyemavit.

342 1293 591 1377 Snotin'geham
609 1304 726 1360 autem
741 1294 940 1360 Britannice
957 1295 1224 1378 ‘Tinguobanc'
1238 1292 1291 1357 di-

341 1393 443 1472 citur,
461 1393 676 1459 Latinavero
687 1400 698 1430 ‘
709 1395 831 1460 domus
845 1395 1108 1478 speluncarum?
1139 1393 1291 1458 Burhre-

341 1491 406 1557 dus
435 1513 572 1578 quoque
603 1513 665 1558 rex
693 1494 915 1573 Merciorum‚
940 1494 1059 1559 audito
1082 1513 1200 1560 eorum
1230 1494 1292 1557 ad-

340 1601 460 1671 ventu,
474 1595 615 1658 nuntios
630 1594 674 1658 ad
691 1613 807 1676 regem
827 1594 1089 1660 occidentalium
1111 1594 1290 1658 Saxonum

341 1691 564 1757 Ethelredum
586 1694 681 1758 etad
699 1693 838 1758 fratrem
856 1695 932 1778 ejus
947 1691 1129 1758 Alfredum
1150 1694 1290 1770 direxit,

340 1792 544 1875 suppliciter
574 1793 742 1856 auxilium
780 1795 1010 1876 postulantes
1039 1791 1109 1876 quo
1147 1801 1290 1876 possent

340 1890 419 1957 Deo
434 1900 469 1957 et
484 1892 679 1957 hominibus
701 1911 916 1976 paganorum
932 1894 1082 1957 invisum
1097 1895 1289 1957 exercitum

341 2009 555 2075 expugnare.
607 1992 679 2072 Qui
701 1993 859 2076 protinus
876 1992 1027 2075 undique
1045 1993 1213 2056 immenso
1228 2013 1291 2057 ex-

340 2092 450 2158 ercitu
476 2100 701 2174 congregato,
720 2092 929 2157 Marciorum
951 2111 1068 2174 regem
1091 2093 1231 2170 adeunt,
1255 2099 1291 2155 et

340 2208 451 2274 usque
474 2192 518 2255 ad
536 2191 783 2274 snotingeham
808 2192 936 2256 bellum
950 2200 1145 2275 quaerentes
1166 2192 1290 2256 unani·

341 2288 442 2354 miter
467 2299 721 2372 pervenerunt3
755 2311 902 2375 cumque
932 2292 1073 2375 pagani,
1091 2292 1188 2356 arcis
1220 2292 1291 2356 tui·

341 2388 435 2453 tione
464 2389 599 2466 muniti,
628 2390 783 2473 praelium
810 2411 992 2456 conserere
1017 2391 1229 2474 denegarent
1254 2401 1291 2456 et

342 2487 530 2553 Christiani
543 2508 659 2553 muros
673 2491 888 2573 confringere
901 2512 972 2556 non
985 2491 1189 2568 sufficerent,
1204 2510 1291 2574 pace

340 2587 431 2653 inter
457 2589 607 2654 Marcios
630 2597 667 2654 et
686 2609 842 2673 paganos
865 2590 908 2655 ad
927 2599 1064 2674 tempus
1086 2592 1290 2674 composita,

339 2687 468 2770 singuli
486 2689 530 2753 ad
547 2691 688 2772 propria
703 2698 787 2754 sunt
802 2691 942 2754 reversi.
994 2691 1124 2755 Eodem
1137 2698 1291 2774 tempore

340 2789 529 2853 oratorium
559 2790 671 2853 sancti
697 2787 847 2854 Andreae
876 2790 1025 2874 apostoli
1049 2790 1212 2856 Kemesie
1245 2793 1289 2854 ab

338 2880 1290 2973 ⁴Alcwin0,Wigornensiepiscopo,constructumetde·

339 2987 492 3052 dicatum
509 2997 573 3053 est.
625 2988 725 3053 Tunc
740 2983 892 3054 ⁶cometa
909 2991 1070 3080 apparuit
1085 2991 1277 3055 manifeste.

176 3100 288 3191 &aaa
391 3084 496 3152 Anno
515 3078 656 3152 Domini
674 3105 874 3153 ncccnxrx.
889 3090 1055 3172 praesatus
1073 3109 1286 3172 paganorum

176 3152 302 3243 ciffi
339 3189 525 3266 exercitus,
550 3188 594 3253 ad
618 3188 943 3253 Nortbanhumbros
967 3189 1080 3253 denuo
1104 3190 1289 3267 transiens,

176 3251 243 3293 Μ’
339 3285 534 3352 Eboracum
548 3289 649 3370 petiit
666 3288 842 3353 civitatem
860 3296 896 3354 et
911 3290 1037 3353 ibidem
1051 3283 1257 3375 ⁶byemavit.

430 3463 480 3526 De
486 3463 578 3548 sacto
587 3461 780 3543 'admirando
794 3461 889 3527 Eoos
904 3461 1062 3528 abbatom
1076 3472 1198 3528 wacta

174 3604 284 3647 anuo.
380 3583 486 3663 Anno
497 3587 639 3651 Domini
658 3578 1107 3671 occcnxx.⁷applicuerunt
1121 3589 1157 3652 in
1171 3590 1289 3655 Scotia

370 3813 378 3846 ¹
388 3817 551 3882 Genauam]
559 3832 587 3867 or
593 3816 798 3881 Gainsborougb,
822 3819 857 3879 by
868 3815 997 3867 Florence.
1023 3818 1135 3881 Kemesy
1146 3835 1201 3869 was
1212 3821 1289 3873 atter-

333 3887 447 3938 Linooln.
821 3886 907 3936 words
929 3887 1017 3936 united
1039 3892 1065 3937 to
1087 3889 1130 3939 the
1149 3890 1244 3942 cburch
1260 3894 1291 3944 oi

337 3970 344 4020 j
368 3953 480 4006 'Eodem
497 3957 590 4022 anna]
615 3956 689 4006 From
709 3957 799 4022 Aeser,
822 3958 972 4008 Worcester.
1366 4009 1367 4012 ,

331 4041 358 4089 p.
371 4030 411 4077 19.
856 4024 867 4056 ⁸
880 4027 999 4092 emta]
1011 4028 1044 4077 So
1056 4027 1186 4092 Florence,
1196 4031 1230 4080 ad
1241 4047 1283 4084 an.

366 4092 580 4165 ’Sadagebmnj
589 4097 621 4146 In
628 4111 708 4159 marg.
717 4097 798 4146 ⁴Not·
857 4094 1040 4162 ‘Hyameitd
1063 4098 1071 4126 ‘
1079 4113 1144 4148 auno
1162 4100 1260 4164 integro
1271 4103 1288 4164 3'

331 4167 465 4229 tingbam!
820 4167 982 4229 Μαι-,8η
994 4167 1087 4218 Chron.

365 4235 659 4302 ⁴Alcuiso‚]calledalso
667 4238 675 4266 ‘
684 4236 797 4288 Albuno’
855 4233 1050 4302 uppttmmt
1061 4239 1088 4288 in
1100 4235 1208 4310 arua]
1223 4242 1286 4293 Nei-
