2888 4852
349 395 415 462 172
605 410 741 459 sennar
764 411 811 457 ns
834 405 1040 460 wnnnovna

351 569 547 648 Herteseie,
562 578 693 654 etpost
709 571 745 634 in
765 570 975 634 monasterio
992 567 1213 633 Streneshale
1235 587 1301 651 ap·

349 670 491 754 pellato,
513 671 606 752 quod
628 671 705 754 ipsa
731 670 949 747 fundaverat,
971 669 1030 733 ubi
1051 668 1195 732 clericos
1216 684 1301 733 snos

349 770 437 834 adeo
464 772 616 834 moribus
640 770 882 834 ecclesiasticis
904 769 1109 847 instruebat,
1137 776 1177 833 ut
1198 769 1301 851 qnin-

349 889 417 954 que
439 889 481 933 ex
501 871 552 935 eis
574 871 619 934 ad
646 870 876 954 episcopalem
902 869 1129 934 ascenderent
1146 868 1301 951 dignita·

349 977 432 1046 tem,
465 970 560 1035 Bosa
592 970 753 1035 videlicet
783 977 819 1034 et
847 968 1030 1035 Wilfrr'dus
1059 969 1096 1033 in
1127 968 1301 1046 Eboraco,

351 1069 480 1134 Hedda
500 1071 537 1134 in
561 1070 707 1134 ecelesia
729 1068 1029 1147 Dorkacestrensi,
1054 1067 1077 1134 J
1081 1067 1235 1133 ohannes
1263 1069 1302 1132 in

351 1169 640 1250 Hagnstaldensi,
676 1169 819 1234 Ostford
853 1170 889 1233 in
930 1169 1110 1253 provincia
1145 1167 1301 1234 Wiccio-

350 1289 439 1347 rum,
461 1269 519 1334 eui
546 1278 629 1335 tunc
659 1270 799 1353 praefuit
824 1289 888 1334 rex
917 1269 1079 1348 Osricus3
1110 1267 1301 1332 Tadsridus

350 1370 456 1433 etiam
470 1370 513 1433 de
535 1369 610 1454 ejus
629 1371 840 1434 monasterio
854 1370 986 1434 electus
1007 1377 1072 1446 est,
1085 1367 1146 1432 sed
1162 1376 1302 1433 matura

351 1477 462 1533 morte
484 1476 695 1552 praeventus.
746 1469 893 1535 Viderat
915 1487 1053 1553 qnoque
1075 1475 1187 1533 mater
1207 1467 1303 1552 ejus·

351 1569 429 1633 dem
462 1570 646 1646 somnium,
677 1569 768 1652 qnod
803 1569 965 1634 videlieet
994 1587 1153 1652 quaerens
1186 1568 1301 1634 virum

352 1688 453 1733 suum
478 1689 547 1734 non
576 1670 757 1748 inveniret,
782 1670 843 1734 sed
871 1671 936 1733 sub
958 1677 1055 1735 veste
1083 1687 1148 1732 sua
1171 1668 1300 1733 monile

352 1770 541 1851 pretiosum
570 1770 715 1847 invenit,
740 1770 833 1852 quod
855 1788 974 1834 omnes
1000 1770 1086 1832 fines
1108 1768 1303 1832 Britanniae

351 1868 559 1934 illustrabat.
613 1869 723 1933 Hilda
739 1871 877 1934 tandem
894 1869 1112 1934 sanctissima
1129 1868 1301 1951 languens

353 1970 453 2032 annis
478 1990 554 2047 sex,
579 1976 619 2032 ut
643 1970 759 2033 anima
780 1970 855 2055 ejus
876 1970 983 2051 longa
1005 1969 1119 2033 carnis
1140 1968 1303 2032 molestia

352 2070 610 2133 examinaretur
631 2077 666 2133 et
691 2071 802 2134 virtus
828 2071 866 2133 in
894 2069 1094 2133 infirmitate
1119 2067 1303 2151 perficere-

353 2177 421 2245 tur,
438 2188 530 2232 anno
547 2167 692 2232 febrium
714 2170 862 2253 septimo
881 2168 924 2233 de
945 2178 1057 2234 morte
1075 2169 1239 2234 transivit
1255 2168 1301 2232 ad

352 2268 481 2349 vitam;
518 2269 554 2333 in
584 2258 662 2351 ipsa
692 2277 807 2333 antem
833 2269 930 2347 hora,
952 2288 1022 2353 qua
1046 2267 1205 2343 decessit,
1227 2287 1303 2332 mc·

354 2367 457 2431 nialis
480 2368 639 2451 quaedam
668 2370 816 2432 animam
838 2370 914 2454 ejus
933 2368 1021 2434 vidit
1042 2370 1086 2432 ab
1108 2367 1243 2450 angelis
1264 2369 1303 2432 in

292 2473 294 2476 ’
353 2467 476 2531 caelum
498 2467 634 2545 deferri,
655 2469 714 2532 ubi
736 2489 815 2533 cum
830 2467 969 2534 Christo
994 2467 1131 2551 gaudiis
1156 2467 1304 2552 perfrui·

353 2574 411 2631 tur
423 2569 652 2651 sempiternis

208 2693 301 2722 oreo
404 2661 551 2731 ¹Eodem
580 2687 673 2731 anno
702 2667 918 2747 Theodorus,
952 2669 1212 2734 cantuariensis
1248 2688 1305 2733 ar-

281 2744 293 2773 ²
316 2761 322 2771 '
353 2767 604 2850 chiepiscopus,
626 2768 807 2831 concilium
830 2769 1056 2852 congregavit
1074 2769 1111 2832 in
1133 2769 1223 2846 loco,
1242 2770 1303 2852 qui

353 2866 579 2932 ‘Hathselde’
609 2867 816 2951 appellatur,
840 2889 932 2933 anno
959 2869 1056 2950 regni
1083 2869 1174 2951 regis
1206 2868 1303 2933 Mer-

352 2968 505 3032 censinm
544 2965 727 3032 Athelredi
764 2977 878 3047 sexto,
915 2975 1082 3050 regnante
1119 2970 1156 3033 in
1194 2988 1303 3050 regno

352 3068 570 3133 orientalium
587 3065 781 3149 Anglorum
805 3068 975 3145 Eadwlso,
998 3070 1058 3152 qui
1080 3076 1161 3151 post
1178 3067 1304 3134 Athel-

352 3169 503 3232 woldum
540 3167 712 3250 regnavit,
743 3169 968 3250 regnantibus
997 3168 1101 3232 etiam
1139 3170 1176 3233 in
1209 3167 1305 3234 Nor·

353 3268 598 3332 thanhnmbria
640 3267 783 3349 Egirido
818 3275 854 3332 et
887 3270 923 3332 in
959 3287 1067 3350 regno
1104 3269 1303 3334 occidenta-

353 3367 437 3431 lium
468 3367 646 3431 Saxonum
670 3366 871 3446 Kentwino,
900 3368 1107 3451 praesidente
1136 3368 1304 3452 archiepi-

353 3486 461 3549 scopo
485 3465 731 3531 Cantuariensi
757 3468 953 3546 Theodoro,
977 3488 1055 3533 cum
1082 3469 1154 3533 suis
1178 3468 1304 3534 suffra·

354 3564 474 3648 ganeis
488 3566 658 3649 episeopis
679 3567 824 3651 aliisque
842 3568 972 3632 multis
1024 3567 1219 3651 Propositis
1236 3570 1304 3652 igi-

354 3673 412 3729 tur
447 3666 649 3749 evangeliis
687 3667 829 3732 tradidit
866 3667 1059 3754 symbolum
1100 3669 1304 3734 Theodorus

354 3767 512 3830 omnibus
527 3766 776 3844 adsidentibus,
790 3776 988 3832 sanctornm
1005 3775 1144 3851 patrum
1160 3769 1197 3833 in
1214 3769 1306 3835 hunc

354 3865 492 3929 modum
517 3866 627 3930 literis
651 3886 874 3950 expressum3
898 3868 1140 3951 ‘Suscipimus
1164 3878 1306 3934 sanctas

354 3973 390 4030 et
419 3966 632 4030 universales
666 3967 818 4051 quinque
845 3968 995 4052 synodos
1020 3976 1219 4033 sanctorum
1241 3989 1306 4053 pa·

354 4073 446 4130 trum
466 4066 749 4144 orthodoxorum,
765 4068 800 4131 id
823 4075 888 4146 est,
904 4068 939 4131 N
941 4068 1073 4132 icenam
1095 4076 1217 4133 contra
1234 4068 1304 4132 Ar-

552 4229 663 4285 ¹Eadem
678 4230 763 4304 cnm]
790 4236 863 4286 from
876 4233 1045 4302 sodames,
1055 4251 1119 4302 seqq.
