2888 4852
355 403 421 468 418
609 417 741 466 noonnr
767 419 813 465 ne
836 416 1043 467 wnuoovnn
1075 454 1079 470 ,

357 582 394 639 et
418 573 573 652 clericos,
598 581 638 638 nt
658 574 766 656 prius,
789 574 867 639 loco
889 593 1006 639 eorum
1034 591 1113 636 cum
1139 570 1313 635 uxoribus

357 674 590 753 induxerunt;
614 694 694 738 nam
718 693 808 737 nnus
825 694 955 751 eorum,
973 667 1141 736 ¹Elferius
1158 671 1312 745 nomine,

359 775 475 837 omnia
510 793 608 855 paeno
640 775 861 851 monasteria,
892 793 970 856 quse
1001 771 1311 836 reverendissimus

359 872 596 936 Ethelwoldus
619 872 655 936 in
676 872 855 955 provincia
882 873 1091 937 Marciorum
1124 878 1311 935 construx-

263 999 264 1002 ¹
359 981 447 1049 erat,
461 992 589 1054 magna
602 992 687 1035 usus
702 972 898 1050 insolentia,
911 971 1092 1036 subvertit.
1125 970 1192 1034 Sed
1204 988 1312 1051 super

359 1071 412 1135 his
429 1072 678 1154 quaestionibus
701 1072 745 1135 ad
768 1073 908 1136 beatum
926 1072 1147 1135 Dunstanum
1170 1069 1311 1144 delatis,

359 1171 529 1254 synodum
560 1171 652 1253 apud
681 1171 897 1235 Wintoniam
927 1170 1166 1253 congregavit,
1203 1175 1239 1232 et
1271 1169 1309 1232 in

359 1270 472 1334 medio
489 1271 639 1352 partium
654 1271 816 1336 conflictu
831 1271 1089 1353 disputationis,
1104 1270 1218 1350 imago
1230 1267 1307 1332 Do-

359 1370 498 1443 minica,
521 1389 600 1452 quae
624 1369 872 1434 altercantibus
899 1370 1063 1434 adstabat
1087 1369 1123 1432 in
1150 1367 1311 1444 ecclesia,

359 1488 523 1551 expresso
544 1468 663 1533 locuta
688 1470 738 1533 ita
756 1470 943 1551 allegabat,
960 1469 1053 1552 quod
1072 1467 1214 1532 clericos
1236 1486 1312 1530 om·

261 1581 264 1586 ⁴
360 1588 422 1632 nes
446 1576 620 1633 eteorum
645 1568 797 1632 fautores
819 1568 980 1633 confusos
1007 1567 1155 1632 reddidit
1171 1574 1207 1630 et
1221 1565 1310 1628 elin·

360 1687 467 1749 gues3
501 1667 562 1731 sed
592 1667 704 1731 adbuc
726 1669 858 1732 'animis
890 1675 1093 1733 exactorum
1119 1665 1311 1731 crudelium

360 1787 430 1831 uon
458 1767 601 1844 sedatis,
631 1768 701 1830 alia
734 1768 888 1851 synodus
919 1767 1040 1832 Calnse
1074 1766 1311 1841 constituitur,

360 1867 420 1929 ubi
438 1886 515 1930 cum
529 1867 565 1930 in
583 1867 777 1945 coenaculo,
794 1869 936 1932 absente
950 1887 1032 1949 rege
1047 1873 1188 1949 propter
1202 1864 1311 1927 imbe-

360 1966 472 2030 cillem
498 1974 650 2043 aetatem,
672 1967 929 2032 considentibus
951 1968 1059 2032 totius
1086 1966 1185 2048 regni
1207 1983 1311 2028 sena-

362 2067 506 2143 toribus,
529 2086 656 2148 magno
682 2069 844 2132 conflictu
870 2067 950 2130 binc
976 2067 1057 2130 inde
1082 2065 1310 2148 allegantium
1404 2057 1411 2070 ’

362 2186 418 2230 res
440 2172 613 2247 ageretur,
638 2172 674 2230 et
688 2166 910 2231 Dunstanum
929 2167 1030 2249 quasi
1055 2166 1209 2231 ecclesias
1232 2183 1311 2227 mu-

361 2285 437 2328 rum
467 2266 653 2330 multorum
676 2266 796 2349 jacula
828 2266 1060 2332 conviciorum
1092 2267 1311 2347 impeterent,

362 2385 426 2429 neo
456 2365 643 2442 vincerent,
676 2366 842 2430 solarium
873 2366 988 2429 subito
1019 2372 1143 2442 totum,
1169 2364 1207 2427 in
1238 2382 1311 2445 quo

359 2460 598 2541 considebant,
613 2485 691 2527 cum
716 2466 841 2529 axibus
867 2464 1068 2529 dissolvitur
1088 2472 1123 2528 et
1140 2462 1311 2539 trabibus,

360 2564 586 2646 omnibusque
614 2564 650 2626 in
680 2571 806 2628 terram
835 2564 1047 2628 truculenter
1069 2563 1174 2639 elisis,
1196 2557 1312 2625 ²solus

360 2663 565 2726 Dunstanus
583 2671 680 2727 stans
702 2684 807 2746 super
821 2683 925 2727 unam
939 2683 1017 2746 quse
1035 2670 1210 2747 superstes
1232 2669 1310 2725 erat

360 2763 505 2840 trabem,
537 2763 667 2845 absque
695 2764 837 2827 laesione
871 2764 1002 2842 evasit3
1040 2763 1157 2827 coeteri
1189 2781 1311 2825 omnes

360 2864 470 2944 partis
487 2861 642 2926 adversae
660 2863 716 2927 vel
738 2862 928 2927 exanimati
950 2871 1044 2939 sunt,
1062 2862 1118 2925 vel
1140 2862 1310 2943 languore

360 2968 528 3043 perpetuo
542 2968 625 3025 sunt
642 2962 783 3026 detenti.
838 2962 918 3026 Hoc
935 2962 1138 3026 miraculum
1161 2960 1312 3025 contulit

360 3080 479 3143 pacem
506 3062 608 3125 beato
634 3061 821 3126 Dunstano
849 3070 884 3126 et
907 3062 1084 3126 monachis
1109 3062 1153 3124 ab
1178 3062 1310 3141 impetu

359 3161 562 3224 clericorum
579 3168 615 3224 et
630 3161 797 3241 aliorum3
821 3162 935 3244 gratia
948 3162 1034 3239 baec,
1049 3168 1085 3225 et
1101 3161 1155 3224 bis
1170 3160 1310 3235 similia,

359 3267 524 3342 operante
538 3260 667 3325 divina.

521 3432 641 3496 cometa
656 3433 820 3518 apparuit,
835 3442 863 3498 ot
870 3433 975 3517 sames
988 3442 1090 3497 secuto
1104 3442 1156 3496 est.

410 3553 514 3619 Anno
538 3556 680 3619 Domini
701 3574 945 3621 ncoocnxxvr.
962 3551 1114 3621 8cometa
1136 3557 1311 3639 apparuit,

359 3660 394 3717 et
407 3654 482 3717 dira
498 3654 604 3719 sames
622 3657 808 3720 subsecuta
822 3664 886 3721 est.
925 3657 1054 3720 Eodem
1073 3677 1165 3720 anno
1176 3650 1311 3719 ⁴Bene·

393 3824 401 3858 ¹
415 3829 546 3893 Histriae]
565 3830 614 3879 His
634 3837 783 3893 repentance
800 3832 823 3880 is
884 3829 1027 3895 'Cometu.]
1044 3832 1097 3882 The
1109 3837 1190 3882 comet
1206 3831 1256 3881 and
1275 3833 1313 3882 fa-

357 3899 457 3947 noticed
468 3899 550 3948 below
562 3901 587 3947 in
599 3904 656 3949 978.
848 3903 914 3950 mine
925 3917 968 3951 are
976 3902 1136 3953 foundinthe
1145 3904 1205 3951 Sax.
1215 3901 1310 3952 Chron.

393 3967 487 4017 ’Solus
495 3969 638 4018 Dunstanus
646 3965 735 4037 staua]
748 3971 823 4020 Com·
848 3972 898 4019 and
910 3971 1079 4033 Malmsbury.

356 4052 418 4098 pare
430 4039 471 4087 the
480 4045 600 4087 accounts
612 4040 641 4088 os
649 4039 699 4087 this
711 4041 823 4101 miracle,

356 4122 386 4156 as
405 4107 483 4157 found
501 4110 526 4156 in
547 4109 716 4170 Malmsbury,
727 4125 753 4171 p.
765 4113 822 4170 258,
883 4108 892 4136 ⁴
904 4105 1074 4178 Benedictas‚]
1092 4111 1134 4160 the
1146 4110 1266 4170 seventh3
1279 4111 1312 4159 he

356 4177 407 4224 and
419 4178 540 4228 Osbern‘s
551 4179 595 4228 life
610 4180 639 4228 ol
655 4179 783 4241 Dunstan,
795 4196 822 4242 p.
847 4179 916 4240 died,
936 4181 1072 4243 according
1088 4187 1114 4229 to
1130 4181 1263 4240 Batonius,
1280 4197 1313 4230 on

358 4249 413 4296 112.
847 4249 888 4298 the
901 4249 960 4298 roth
971 4251 1036 4313 July
1048 4254 1106 4300 988.
