2888 4852
403 416 544 465 sununs
570 416 840 466 visroursuuu.
1031 404 1096 471 281

149 575 239 641 hanc
264 576 489 659 peccatricem
517 594 538 637 a
560 576 779 657 mariusque
803 574 847 638 ad
873 594 968 641 mare
991 585 1027 642 et
1053 581 1098 643 ab

148 675 286 740 homine
317 695 428 757 usque
454 674 497 738 ad
527 693 632 755 pecus
663 675 894 755 deleverunt;
928 677 1098 760 siquidem

148 774 315 856 Angliam
337 777 457 838 crebro
478 781 512 838 et
530 773 680 855 undique
695 774 911 851 invadentes,
928 796 998 840 non
1022 796 1098 840 eam

149 875 336 959 subjugare
362 893 403 937 ac
424 873 612 955 possidere,
635 872 695 936 sed
720 873 868 956 praedari
891 893 932 938 ac
956 876 1100 957 perdere

149 975 371 1055 satagebant.
408 973 478 1050 Qui
502 974 531 1036 si
552 971 739 1053 aliquando
760 973 990 1052 vincerentur,
1014 975 1099 1039 nihil

150 1074 377 1157 proficiebant
403 1070 521 1153 Angli,
549 1091 626 1135 cum
660 1072 742 1135 alibi
770 1072 891 1136 classis
923 1073 1035 1158 major
1065 1082 1101 1138 et

151 1174 326 1237 exercitus
348 1191 393 1234 ex
414 1172 603 1251 improviso
626 1179 661 1235 et
683 1172 799 1235 subito
821 1172 1021 1252 adveniret3
1048 1173 1101 1236 ni·

150 1273 275 1335 mirum
309 1271 390 1333 dum
418 1270 519 1334 modo
545 1289 644 1351 reges
668 1268 863 1351 Anglorum
894 1272 931 1335 in
960 1273 1101 1355 plagam

151 1370 249 1454 regni
265 1370 467 1435 orientalem
482 1377 603 1433 contra
615 1370 694 1434 illos
704 1370 886 1434 tenderent
900 1373 1101 1454 pugnaturi,

150 1478 337 1553 antequam
351 1469 473 1534 turmis
487 1469 825 1551 appropinquassent
837 1469 997 1547 hostium,
1013 1491 1103 1534 nun·

152 1571 223 1634 tius
240 1569 427 1633 advolabat
442 1568 571 1645 dicens,
598 1567 702 1646 ‘Quo
725 1587 804 1631 nam
828 1589 890 1633 rex
912 1571 979 1633 iter
998 1571 1103 1634 sumi·

153 1670 226 1733 tisl
280 1668 369 1732 Ecce
393 1688 484 1732 nunc
511 1667 632 1731 classis
663 1686 878 1749 paganorum
904 1669 1102 1733 innumera-

152 1769 244 1845 bilis,
273 1788 319 1831 ex
349 1767 493 1831 australi
522 1774 621 1849 parte
649 1768 746 1848 regni
772 1767 890 1831 littora
916 1787 1103 1851 occupans,

153 1869 255 1931 urbes
278 1875 313 1931 et
330 1867 430 1931 villas
448 1866 621 1949 praedans,
636 1865 727 1930 ferro
744 1885 891 1949 quaeque
916 1868 981 1930 sibi
999 1870 1104 1933 obvia

154 1975 189 2031 et
206 1965 363 2031 incendio
379 1964 630 2047 conflagravit?
667 1964 750 2028 Non
764 1966 877 2029 minus
894 1966 971 2031 ideo
987 1986 1105 2032 mmor

155 2065 351 2151 hujusmodi
372 2067 416 2129 ab
440 2066 570 2129 oriente
589 2064 643 2128 vel
661 2065 838 2129 occidente
860 2073 922 2129 ant
944 2066 1105 2149 aquilone

155 2164 402 2249 superveniens
428 2184 563 2227 omnem
586 2163 756 2246 indigenis
782 2183 878 2245 spem
899 2166 1021 2229 salutis
1045 2166 1106 2229 ad·

156 2265 266 2343 emit3
306 2265 424 2345 sicque
454 2270 506 2327 tot
535 2264 635 2326 malis
670 2283 710 2326 ac
737 2264 930 2327 rumoribus
957 2266 1106 2329 sinistris

158 2384 257 2446 reges
284 2384 362 2427 cum
380 2362 546 2447 subjectis
566 2363 726 2426 cordibus
748 2363 961 2441 desecantes,
985 2374 1108 2429 contra

157 2463 301 2528 hostiles
331 2463 544 2526 incursiones
575 2462 717 2525 dubium
749 2471 922 2527 certamen
951 2464 1105 2544 inibant;

156 2563 248 2626 unde
266 2563 425 2644 contigit,
441 2561 649 2644 quandoque
671 2562 778 2639 civeS,
801 2563 1008 2648 quandoque
1031 2564 1107 2628 vin·

157 2669 316 2726 cerentur
333 2670 368 2725 et
382 2661 510 2726 hostes.

207 2760 312 2826 Anno
327 2761 467 2825 Domini
493 2776 730 2823 ccccxxxrx.
755 2759 970 2825 Herebertus
993 2781 1107 2826 comes
1121 2788 1230 2829 noea

157 2862 328 2945 pugnavit
342 2868 463 2924 contra
478 2879 633 2942 paganos
649 2859 741 2941 apud
754 2852 1026 2938 ¹Mersuuarum‚
1035 2838 1247 2954 wilibaldi.

159 2961 271 3024 Danis
282 2961 498 3024 vincentibus
510 2967 545 3022 et
560 2960 633 3022 suis
646 2959 872 3023 bellatoribus
883 2959 1108 3042 fugientibus,

159 3061 249 3124 idem
268 3079 381 3123 comes
396 3059 568 3122 occubuit.

208 3158 312 3223 Anno
337 3159 478 3223 Domini
503 3174 670 3233 ccccxc„
690 3156 852 3221 defuncto
874 3177 954 3239 rege
976 3157 1108 3223 North·
1122 3181 1231 3222 nono.

160 3240 426 3323 anhlvmbrorum
448 3255 625 3335 Andredo,
641 3250 883 3335 'Athelredus
907 3258 997 3322 iilius
1020 3259 1109 3344 ejus,

158 3367 289 3442 septem
305 3360 405 3422 anuis
420 3358 595 3421 successit.

209 3458 313 3522 Anno
336 3458 477 3521 Domini
497 3449 915 3539 ncccxn1.³paganorum
935 3458 1232 3523 exercitualem.

195 3706 203 3738 ¹
217 3710 388 3758 Mamurram
395 3708 417 3771 ,·]
427 3708 536 3769 perhaps
545 3708 621 3756 Rom·
682 3705 860 3769 'chunurum
870 3708 1013 3772 exemtus]
1025 3709 1111 3757 Hunt-

161 3794 209 3841 ney
219 3779 317 3839 Marah,
328 3779 355 3826 in
367 3778 443 3828 Kent.
466 3778 528 3825 This
539 3779 622 3825 achon
647 3777 832 3839 lugdonplaces
840 3777 882 3826 the
888 3778 1029 3827 incursione
1036 3779 1065 3827 ot
1067 3778 1110 3829 the

160 3853 183 3899 is
201 3850 291 3911 placed
309 3848 396 3909 hythe
414 3849 474 3898 San.
487 3847 580 3896 Chron.
597 3849 623 3895 in
648 3847 735 3896 Danes
752 3848 804 3896 into
826 3847 962 3896 ‘Lindseie
983 3849 1034 3897 end
1053 3849 1112 3896 Est·

162 3921 204 3968 the
216 3920 334 3981 previous
345 3932 415 3979 year.
648 3917 737 3978 angle’
748 3917 774 3965 in
786 3917 827 3965 the
839 3932 908 3965 same
923 3932 985 3979 year
995 3918 1056 3966 with
1068 3918 1111 3966 the

196 3987 380 4038 ’Athelredus.
395 4021 402 4036 .
414 4022 420 4035 .
431 3990 520 4048 septem
531 3985 623 4048 onum]
649 3987 726 4035 battle
735 3987 764 4035 ol
771 3987 945 4048 Mersa-ware,
953 3988 987 4035 all
994 3987 1024 4035 oi
1026 3987 1112 4036 which

162 4059 214 4108 His
230 4059 307 4108 death
323 4060 346 4106 is
364 4056 484 4105 recorded
502 4058 584 4105 belovv
599 4057 625 4103 in
650 4070 692 4104 ere
700 4056 790 4117 placed
797 4058 830 4118 by
839 4057 880 4105 the
888 4058 948 4106 Sex.
958 4057 1111 4106 Chromand

162 4133 220 4178 848.
256 4129 309 4177 The
322 4142 382 4190 year
390 4126 419 4175 ol
427 4127 467 4175 his
475 4125 626 4187 deposition,
651 4126 771 4175 Florence
790 4127 815 4174 in
835 4130 893 4175 8³8.
928 4126 960 4173 In
981 4131 1030 4180 840
1051 4125 1112 4187 they

164 4202 221 4263 att,
232 4199 256 4248 is
267 4199 325 4248 here
336 4196 459 4260 probably
471 4195 584 4245 omitted.
650 4197 738 4246 record
750 4196 792 4246 the
803 4196 882 4246 battle
892 4195 922 4244 ei
929 4195 1095 4247 Chermuuth.
