2888 4852
390 434 530 484 rnoass
553 436 823 486 ursromssuu.
1015 423 1081 488 328

129 590 240 654 cuniis
269 592 370 655 simul
396 601 432 656 et
453 560 731 675 possessionibus
758 595 958 678 ampliabat.
1011 596 1176 707 (lo-pulcherl

130 690 230 754 mites
256 711 350 768 vero,
376 693 522 757 barones
545 712 586 757 ac
612 693 750 771 milites,
771 695 946 759 ministros
969 704 1004 761 et
1025 696 1079 760 sa·
1177 693 1183 706 '

129 789 292 867 miliares,
317 792 510 857 admirabili
531 793 677 857 caritate
697 793 884 875 diligebat3
911 795 1001 860 filios
1019 816 1078 861 eo·

129 907 216 965 rum,
234 891 295 972 qui
319 892 353 953 in
377 892 473 973 regio
497 892 738 956 nutriebantur
754 893 897 976 palatio,
923 915 992 959 non
1014 896 1078 959 mi·

128 988 203 1050 nori
219 1009 323 1071 quarn
345 992 503 1074 proprios
525 991 708 1057 dilectione
732 994 956 1077 amplectens,
973 996 1078 1059 mori-

128 1087 192 1149 bus
219 1089 416 1167 informare,
446 1090 556 1155 literis
581 1093 733 1157 imbuere
757 1112 827 1156 uon
854 1093 1076 1175 [de]sinebat.

129 1186 175 1250 Et
191 1187 264 1252 baec
277 1189 321 1254 de
338 1191 489 1254 moribus
506 1189 583 1275 ejus
599 1191 692 1256 dicta
706 1190 888 1257 sufficiant.

319 1364 368 1428 Ds
382 1361 467 1429 bellis
482 1362 640 1429 laboriosis
655 1363 735 1449 repis
748 1362 890 1449 Alsrodi.

179 1485 283 1550 Nunc
300 1496 416 1552 autem
430 1488 605 1553 laboriosa
621 1489 713 1571 regis
729 1487 821 1552 bella
836 1485 1000 1570 expedire
1017 1509 1077 1553 cu·
1088 1508 1200 1551 nuum.

126 1584 271 1668 pientes,
296 1587 362 1652 hoc
387 1589 498 1671 primo
523 1587 704 1652 dicendum
726 1596 790 1665 est,
816 1588 909 1671 quod
935 1588 1077 1670 expleto

127 1705 253 1765 mense,
272 1706 316 1751 cx
333 1707 403 1771 quo
425 1707 571 1770 regnare
594 1687 713 1770 coepit,
730 1689 766 1752 in
788 1695 905 1752 monte
922 1680 1076 1752 ¹Wiltun

128 1785 316 1867 appellato,
334 1789 393 1870 qui
411 1789 514 1851 estin
529 1787 719 1851 meridiana
732 1789 808 1870 ripa
824 1787 976 1850 fluminis
988 1786 1076 1851 Gui-

127 1885 228 1963 lonis,
246 1885 288 1949 de
311 1906 380 1969 quo
402 1886 581 1969 provincia
602 1888 663 1951 illa
679 1886 923 1951 ‘Guiltoscira'
945 1906 1075 1950 nuncu·

127 1992 243 2067 patur,
259 2004 337 2049 cum
354 1986 474 2068 paucis
490 1993 527 2049 ct
540 1986 641 2050 nimis
658 1986 822 2069 inaequali
839 2005 981 2049 numero
1003 1985 1076 2050 bel·

126 2082 275 2147 latorum
297 2092 418 2148 contra
441 2104 599 2168 paganos
623 2086 813 2150 dimicavit.
866 2085 959 2150 Nam
985 2105 1076 2150 anno

127 2184 316 2265 praeterito,
333 2203 455 2248 novem
484 2185 595 2249 attriti
615 2184 744 2267 praeliis
767 2184 900 2249 nobiles
924 2186 1075 2267 regionis

127 2282 222 2346 illius
238 2283 274 2346 in
285 2284 431 2348 australi
446 2292 546 2367 parte
560 2284 742 2349 Themesis
758 2285 910 2349 fluminis
924 2285 1074 2363 fuerunt,

127 2383 284 2466 exceptis
321 2384 591 2467 equitationibus
630 2385 760 2463 multis,
792 2403 880 2468 quas
915 2404 1076 2466 proceres

127 2501 205 2546 cum
234 2483 374 2566 populis
406 2483 472 2548 sibi
499 2485 665 2569 subjectis
689 2484 844 2548 fecerant
869 2485 1077 2549 necessitate

127 2582 309 2665 compulsi,
322 2583 426 2662 unde,
440 2585 526 2666 ipsis
542 2585 644 2648 nimis
659 2584 859 2661 debilitatis,
873 2576 986 2648 'Dani
1004 2584 1076 2647 vic·

128 2681 218 2746 toria
231 2683 432 2764 potiuntur3
456 2684 516 2747 sed
534 2690 614 2766 post
632 2683 722 2746 banc
737 2682 930 2761 victoriam,
948 2682 1078 2766 pagani

129 2781 172 2844 ad
199 2783 317 2845 urbem
337 2782 485 2847 Londini
499 2782 656 2865 proiecti,
674 2783 923 2864 hyemaverunt
940 2781 1078 2858 ibidem,

128 2900 206 2944 cunr
233 2882 359 2964 quibus
394 2883 500 2946 etiam
525 2876 605 2946 ³rex
641 2881 851 2945 Merciorum
878 2880 1078 2944 Burbredus

128 2981 355 3045 amicabiliter
385 3001 593 3064 componens
619 2982 766 3064 pecunia
783 2980 940 3045 inducias
972 2981 1080 3063 impe·

130 3081 245 3145 travit.

129 3218 330 3305 Heresss'dus,
353 3219 576 3305 Wiporuisusssss
597 3220 762 3304 ascopa,
777 3218 872 3284 tidros
885 3219 1079 3305 diatessarum

323 3319 485 3384 transtulit
499 3319 534 3383 iu
548 3318 689 3405 libyssam
702 3318 880 3404 auplicem.

180 3443 285 3508 Anno
308 3445 448 3509 Domini
473 3460 686 3508 ncccnxxn.
705 3462 790 3525 gens
817 3441 1203 3539 Nortbaubum-gttfflp·

128 3544 267 3608 brorum
283 3565 398 3627 regem
414 3565 514 3608 suum
531 3545 719 3628 Egbcrtum
735 3550 770 3607 et
785 3541 1079 3624 archiepiscopum
1093 3549 1208 3640 {leffiu-

129 3681 264 3690 --..

165 3744 316 3805 ¹Ws'ltuu.]
343 3746 396 3794 The
419 3750 472 3794 text
493 3743 592 3792 follows
619 3740 724 3791 Aelirsd
735 3754 790 3788 was
800 3739 945 3801 victorious,
956 3739 1003 3786 but
1018 3738 1081 3796 that,

130 3817 219 3878 Assar,
227 3816 288 3864 with
296 3817 377 3864 whom
389 3829 465 3877 agree
477 3813 519 3862 the
531 3813 592 3862 Sax.
618 3807 1084 3877 pursuingtooeugerly,tbeybrongbt

130 3886 223 3934 chron.
235 3886 285 3934 and
297 3886 391 3945 others,
403 3888 493 3944 except
506 3884 594 3931 Brom-
618 3883 660 3930 the
672 3881 759 3930 Dauos
778 3894 793 3928 a
809 3879 901 3928 second
919 3879 979 3927 time
993 3882 1019 3926 to
1037 3892 1082 3926 ac-

130 3956 251 4019 ton,wbo
268 3956 331 4004 calls
350 3955 392 4004 the
411 3969 484 4003 nume
501 3952 530 4002 oi
543 3953 593 4002 tbis
619 3953 680 4013 tion,
702 3951 753 4000 sud
775 3963 843 3998 were
870 3948 929 3997 then
952 3946 1080 4008 repulsed.

128 4027 201 4088 place
213 4024 323 4086 Walter,
333 4025 359 4074 iu
371 4026 476 4073 Susscx.
619 4021 660 4070 De
672 4020 746 4071 (lest.
758 4019 826 4069 Aeli.
838 4034 864 4080 p.
875 4022 917 4067 25.

165 4092 255 4144 ²Dnui
266 4095 391 4158 victoria]
408 4095 497 4153 Assar,
511 4094 537 4141 in
554 4092 594 4140 his
652 4086 733 4139 'Res
752 4089 900 4138 Marciorum
915 4080 1081 4153 Butades]

129 4169 237 4215 account
253 4165 340 4214 nithe
357 4166 435 4214 battle
454 4163 595 4222 otWilton,
619 4161 707 4222 Aeser,
735 4160 760 4208 in
789 4158 831 4207 the
856 4172 918 4219 year
945 4154 1084 4216 following,

128 4240 207 4285 states
226 4235 281 4283 that
299 4240 326 4284 at
342 4235 397 4283 first
415 4234 457 4282 tbe
480 4231 597 4293 amyci
619 4234 698 4279 states
720 4228 814 4290 simply
832 4226 887 4276 thet
905 4226 948 4275 lbe
967 4238 1039 4284 army
1058 4223 1087 4272 oi

913 4312 963 4358 Η
