2902 5332
402 872 540 921 nunnus
564 872 834 924 maronianum
1024 863 1088 927 451

135 1026 178 1089 de
192 1028 289 1110 regia
302 1028 495 1111 proditione
509 1036 661 1107 notatos,
677 1050 823 1112 quornm
840 1029 995 1107 clientes,
1006 1031 1086 1096 dum

135 1145 253 1190 necem
274 1128 404 1193 vellent
428 1129 644 1194 dominorum
666 1150 806 1195 suorum
824 1130 1011 1208 vindicare,
1031 1150 1087 1195 ar-

135 1234 306 1291 matorum
341 1230 504 1311 praesidio
532 1230 661 1312 repulsi
691 1237 727 1294 et
757 1232 911 1313 graviter
939 1231 1087 1297 insecuti

135 1334 264 1390 turrem
295 1329 450 1393 ecclesiae
483 1337 614 1394 sanctae
643 1331 789 1412 virginis
823 1330 1085 1396 Frotheswithae

132 1425 266 1507 ingredi
288 1437 370 1493 sunt
392 1430 573 1511 compulsi,
588 1430 679 1494 undo
694 1430 777 1494 dum
795 1430 873 1514 ejici
890 1431 1085 1514 nequirent,

133 1525 291 1592 incendio
314 1535 395 1593 sunt
417 1530 609 1610 combusti3
632 1529 693 1594 sed
716 1549 810 1606 mox,
829 1550 911 1612 rege
928 1532 1084 1614 jubente,

132 1626 279 1690 ecclesia
300 1628 523 1692 reconciliata
547 1637 601 1693 est
626 1636 662 1693 et
686 1630 722 1692 in
745 1631 929 1713 pristinum
952 1637 1083 1695 statum

131 1725 285 1791 redacta.
346 1727 444 1792 Inter
470 1728 558 1792 alios
586 1748 725 1812 quoque
750 1730 882 1793 nobiles
908 1730 1082 1795 interlecti

131 1825 271 1891 fuerunt
304 1825 477 1909 Sigesertb
510 1836 545 1892 et
579 1827 791 1906 Mermeros,
821 1829 1082 1894 Nortbanbum-

132 1926 272 1990 brorum
293 1927 448 2006 comites,
468 1928 529 1992 filii
548 1928 723 2011 Eargrini,
746 1929 871 1992 nobilis
893 1928 972 2007 viri,
994 1950 1083 2012 quos

131 2024 271 2109 iniquus
293 2027 366 2091 dux
384 2027 552 2093 Eadricus
574 2029 619 2093 ad
640 2029 839 2093 convivium
857 2028 1025 2093 invitatos
1047 2039 1083 2096 et

131 2125 167 2187 in
189 2126 376 2191 triclinium
400 2146 500 2191 suum
529 2128 608 2192 dolo
637 2135 818 2211 susceptos
847 2128 963 2193 necari
988 2130 1082 2195 lenit.

133 2225 267 2289 Deinde
298 2246 362 2290 nex
391 2227 597 2291 Ethelredus
622 2226 798 2309 Algivam,
822 2227 995 2309 Sigeferth
1024 2248 1081 2294 co-

131 2324 224 2389 mitis
248 2346 405 2404 uxorem,
431 2327 524 2410 apud
550 2327 830 2392 Malmesberiam
852 2328 943 2393 siout
966 2329 1080 2393 foemi-

131 2443 211 2488 nam
228 2426 427 2508 spectabilis
448 2426 639 2491 nobilitatis
657 2428 782 2491 adduci
799 2433 834 2491 et
851 2428 977 2491 ibidem
1000 2448 1079 2493 cus·

131 2526 234 2588 todiri
257 2527 448 2609 praecepit3
477 2545 656 2608 quaecum
683 2528 730 2590 ibi
755 2536 960 2605 moraretur,
984 2529 1079 2593 venit

130 2624 222 2688 filius
250 2627 342 2708 regis
370 2626 606 2703 Eadmundus,
637 2646 739 2709 quem
771 2646 857 2710 gens
884 2626 1078 2711 Anglornm

129 2732 271 2809 propter
301 2725 419 2807 magni
448 2726 582 2791 roboris
608 2726 762 2809 corporis
786 2727 889 2791 simul
916 2746 958 2791 ac
983 2747 1079 2791 men·

130 2826 176 2888 tis
199 2825 472 2907 [strenuitatem]
500 2826 725 2904 ‘Irenesido‚'
750 2826 785 2890 id
806 2835 872 2904 est,
894 2826 987 2891 latus
1010 2827 1078 2891 ser-

129 2946 238 3002 reum,
253 2928 509 3009 nuncupabant,
526 2935 561 2991 et
574 2934 696 2992 contra
709 2927 819 3010 patris
833 2927 1078 2992 conscientiam

127 3025 222 3089 illam
236 3044 378 3089 uxorem
397 3027 509 3104 duxit,
526 3035 656 3091 etcum
673 3027 750 3108 ipsa
764 3028 800 3090 in
818 3026 1079 3091 Nortbanbum-

128 3126 238 3188 briam
260 3124 435 3207 proiectus
459 3134 586 3190 terram
612 3132 721 3189 totam
745 3126 891 3189 duorum
914 3128 1078 3191 comitum

129 3225 372 3306 praedictorum
388 3225 529 3301 invasit,
547 3232 653 3306 atque
667 3224 805 3288 illorum
823 3225 888 3288 sibi
912 3226 1077 3307 populum

129 3323 341 3407 subjugavit.
381 3322 455 3387 Isto
472 3332 586 3388 autem
597 3317 838 3388 ¹Eadmundus
856 3343 924 3388 non
942 3332 1017 3388 erat
1033 3345 1078 3389 ex

128 3424 251 3488 Emma
281 3421 518 3487 Normannica
545 3431 742 3506 generatur,
774 3424 903 3488 habens
933 3432 1078 3488 matrem

127 3521 300 3606 quandam
325 3523 509 3602 ignobilem
532 3523 730 3603 foeminam
768 3524 828 3587 sed
854 3524 1079 3603 Eadmundus

129 3623 249 3687 matris
266 3623 520 3703 ignobilitatem
542 3624 668 3687 mentis
691 3623 871 3688 nobilitato
893 3643 935 3688 ac
958 3643 1080 3707 corpo·

128 3724 175 3788 ris
189 3723 395 3787 strenuitate
414 3723 681 3806 redintegrando
697 3723 853 3788 redemit.

211 3912 300 3993 Quod
315 3913 413 3978 Caulo
428 3910 582 3998 Acyllam
596 3911 838 3998 depopulaturos
851 3913 995 3978 introvit.

178 4036 247 4102 Per
263 4037 353 4101 idem
369 4046 505 4121 tempus
524 4035 652 4114 Cnuto,
671 4056 735 4101 rex
752 4037 944 4115 Danorum,
959 4037 1076 4120 dispo·
1087 4059 1206 4151 memor

126 4137 203 4200 sitis
230 4139 266 4200 in
291 4138 403 4202 Dacia
431 4138 544 4216 rebus,
570 4145 605 4202 et
632 4137 784 4203 amicitia
813 4157 891 4201 cum
921 4138 1075 4202 finitimis
1146 4138 1151 4149 '

126 4238 266 4318 regibus
289 4238 417 4303 loedere
433 4238 581 4315 firmata,
598 4238 662 4302 tali
684 4237 800 4302 studio
816 4230 930 4302 'venit
951 4237 987 4301 in
1003 4236 1075 4301 An·

162 4457 340 4506 ¹Eodmurdur
383 4472 431 4506 aon
468 4460 522 4506 erat
555 4471 588 4505 ex
648 4447 932 4520 'Venitindngliom.]
949 4452 1076 4502 TheSax.

125 4522 237 4595 Bruma]
256 4528 380 4590 Campam
390 4528 480 4589 above,
491 4543 517 4588 p.
530 4529 589 4588 m,
613 4524 707 4575 Chron.
718 4525 804 4586 placeo
820 4525 863 4573 tho
874 4527 960 4572 return
970 4522 1000 4571 oi
1008 4522 1077 4572 Cnnt

125 4603 179 4647 note
190 4595 209 4659 ³,
220 4598 282 4647 with
295 4598 465 4660 Munium,
477 4597 547 4646 Hiot.
560 4611 586 4658 p.
612 4594 639 4643 in
656 4595 699 4644 the
710 4594 840 4656 following
859 4593 1075 4655 year31⁴¹lorence

127 4672 184 4718 208.
612 4678 702 4728 agrees
713 4664 776 4714 with
787 4663 829 4713 the
839 4668 902 4714 text.

890 4736 972 4782 aab
