2888 4852
161 628 208 666 Lite
217 628 240 666 ol

325 389 387 454 xiv
717 404 891 452 prunnon.

163 578 274 617 anau.
325 561 435 625 solum
464 580 574 644 usque
607 560 919 642 complanarentur,
953 560 1133 641 scripturae
1165 577 1274 623 sacrae

163 679 267 718 annu
325 661 360 725 in
382 661 503 725 mediis
524 660 607 723 foris
627 660 698 741 igni
721 661 1014 735 comburerentur,
1036 658 1096 740 qui
1120 657 1273 722 ecclesiis

325 768 497 843 praeerant
521 761 557 824 in
582 759 727 822 vinculis
751 766 962 840 ponerentur
982 776 1024 821 ac
1046 758 1182 820 demum
1208 757 1274 821 diis

324 860 501 924 immolare
517 859 698 942 exquisitis
715 857 894 940 suppliciis
910 863 1126 937 cogerentur.
1172 856 1273 920 Tunc

325 958 463 1041 quidam
486 959 609 1023 timore
632 956 804 1039 perterriti
826 956 1006 1033 cedebant,
1028 956 1165 1040 quidam
1189 975 1272 1019 vero

325 1058 443 1122 divina
468 1059 597 1122 virtute
618 1055 750 1119 suffulti
772 1055 816 1119 ad
839 1074 988 1138 superna
1014 1076 1076 1138 per
1101 1062 1274 1119 tormenta

325 1158 567 1221 convolabant.
604 1156 716 1218 Passa
731 1162 784 1218 est
796 1157 860 1218 sub
877 1155 942 1218 hac
957 1154 1055 1218 clade
1072 1163 1270 1218 sanctorum

324 1256 416 1338 legio
444 1256 684 1330 Thebaeorum,
712 1255 892 1318 continens
917 1253 1045 1318 milites
1071 1273 1134 1318 sex
1163 1254 1272 1318 millia

324 1364 508 1419 sexcentos
535 1354 719 1434 sexaginta
743 1373 818 1429 sex,
845 1353 914 1435 qui,
936 1353 1083 1437 jubente
1105 1353 1270 1416 Maximi·

324 1473 405 1531 ano,
418 1474 480 1536 pro
498 1452 565 1517 lide
583 1452 712 1516 Christi
726 1453 946 1516 laudabiliter
962 1453 1164 1535 martyrium
1179 1471 1271 1516 com-

323 1552 517 1635 pleverunt.
562 1551 618 1615 Ex
633 1551 698 1614 hac
714 1560 829 1615 autem
847 1560 1035 1634 martyrum
1052 1551 1270 1616 multitudine

324 1652 463 1715 nomina
485 1651 583 1715 nobis
605 1657 687 1714 sunt
708 1658 896 1732 comperta,
918 1650 1079 1713 Mauricii
1096 1650 1268 1725 videlicet,

324 1751 502 1834 Exuperii,
536 1749 694 1826 Candidi,
724 1748 890 1828 Victoris,
924 1749 1130 1826 Innocentii,
1164 1757 1270 1831 atque

322 1849 474 1928 Vitalis3
498 1850 558 1913 sed
580 1856 707 1912 caetera
728 1850 879 1925 uomina,
899 1868 978 1930 quar
997 1850 1096 1913 nobis
1117 1857 1200 1912 sunt
1215 1851 1268 1912 in·

321 1950 473 2030 cognita,
487 1949 521 2011 in
538 1949 626 2011 libro
640 1950 721 2012 vitae
736 1949 956 2011 continentur
972 1950 1134 2030 ascripta.
1162 1946 1266 2030 Apud

321 2047 482 2111 Castrum
498 2046 702 2111 Solodorum
727 2048 844 2129 passio
860 2046 1014 2111 Victoris
1036 2055 1070 2111 et
1088 2047 1189 2111 Ursae
1211 2067 1267 2111 ce·

320 2146 496 2225 lebratur3
520 2146 722 2229 martyrium
745 2147 849 2209 etiam
873 2145 1054 2224 Gereonis,
1078 2147 1266 2210 sociorum-

320 2265 388 2327 que
403 2245 480 2329 ejus
499 2254 714 2310 trecenorum
731 2246 854 2327 viginti
877 2255 968 2323 octo,
990 2245 1082 2328 apud
1097 2245 1265 2328 Agrippi·

320 2363 400 2408 nam
425 2344 606 2409 Coloniam
634 2345 807 2427 impletur.
861 2345 950 2409 Haec
975 2347 1169 2428 persecutio
1195 2354 1266 2408 tam
1305 2415 1307 2419 Α

320 2444 466 2508 crudelis
503 2452 540 2508 et
572 2452 714 2508 cruenta
751 2445 934 2525 flagrabat,
968 2454 1007 2510 ut
1038 2446 1130 2509 intra
1160 2464 1264 2508 unum

319 2562 470 2607 mensem
492 2543 723 2626 septendecim
749 2545 857 2608 millia
881 2551 1071 2627 martyrum
1101 2546 1195 2626 passi
1215 2546 1267 2607 in·

318 2642 523 2723 veniuntur3
551 2662 631 2706 uam
658 2652 693 2707 et
722 2645 842 2707 oceani
868 2644 1009 2708 limbum
1036 2651 1265 2724 transgressa,

319 2741 497 2806 Britannis
516 2742 692 2824 lampades
714 2751 911 2807 sanctorum
934 2751 1124 2827 martyrum
1147 2743 1265 2806 claris-

318 2840 422 2904 simus
439 2842 608 2920 accendit,
631 2842 799 2924 siquidem
822 2843 858 2905 in
881 2861 922 2905 ea
947 2861 1072 2924 passus
1094 2849 1148 2906 est
1164 2862 1263 2906 sanc·

319 2947 374 3003 tus
405 2940 576 3018 Albanus,
607 2941 650 3006 de
676 2961 744 3025 quo
773 2943 952 3024 presbyter
978 2942 1202 3019 Fortunatus,
1228 2944 1263 3005 iu

317 3038 452 3104 laudem
469 3049 671 3123 martyrum,
687 3042 738 3105 sic
753 3043 815 3118 ait,

410 3205 418 3232 ‘
429 3197 574 3255 Albanum
587 3199 733 3275 egregium
746 3197 881 3256 foecundu
896 3197 1043 3255 Britannia
1056 3199 1173 3276 profert.

365 3339 458 3418 ‘Qui
476 3340 636 3405 videlicet
653 3339 922 3433 AlbanuS,·cum
943 3342 1149 3423 perfidorum
1169 3345 1262 3425 prin·

315 3439 430 3522 cipum
464 3440 630 3503 mandata
658 3441 840 3505 adversum
874 3438 1091 3505 Christianos
1120 3441 1264 3507 desaevi-

315 3547 404 3615 rent,
431 3540 591 3603 clericum
615 3540 786 3621 quendam
812 3531 1048 3623 persecutores
1073 3541 1262 3623 fugientem

315 3637 465 3720 hospitio
495 3641 646 3721 recepit3
680 3639 887 3722 quemdum
913 3641 1125 3704 orationihus
1153 3643 1263 3705 conti-

314 3739 391 3801 nnis
413 3757 454 3802 ac
476 3739 601 3821 vigiliis
623 3740 761 3803 studere
786 3739 1011 3821 conspiceret,
1035 3742 1150 3804 subito
1175 3741 1260 3804 divi-

315 3857 360 3901 na
381 3846 559 3921 respectus
581 3841 706 3920 gratia,
731 3840 924 3921 exemplum
943 3839 1022 3903 fidei
1041 3841 1135 3904 illius
1155 3843 1262 3923 coepit

314 3938 480 4015 aemulari,
493 3957 533 4001 ac
548 3938 757 4002 salutaribus
771 3938 847 4020 ejus
861 3938 1161 4003 exhortationibus
1178 3960 1260 4022 pau-

312 4036 409 4100 latim
427 4038 582 4114 edoctus,
601 4036 730 4100 relictis
750 4035 955 4099 idololatriae
973 4040 1134 4115 tenebris,
1157 4041 1260 4104 corde

311 4137 447 4218 integro
470 4135 616 4199 efficitur
636 4135 866 4199 Christianus
921 4136 1029 4200 Istius
1055 4139 1171 4202 clerici
1198 4161 1259 4204 no·
