2888 4852
416 434 553 482 neonus
578 434 846 483 umrunmnuu.
1038 414 1104 480 439

157 610 310 668 nensem,
322 592 624 671 Bedesordensem,
637 592 1011 675 Bukingehamensem,
1027 588 1102 653 Ox-

157 690 330 755 oniensem
347 693 612 776 depopulatione
628 695 754 757 misera
771 691 1015 756 contriverunt.

266 879 316 942 Da
323 880 468 964 passiam
479 881 581 946 saneti
594 881 714 967 Alsepi,
730 878 952 966 archiepiscopi
964 888 993 943 et

543 981 704 1065 martyris.

206 1102 310 1167 Anno
335 1104 476 1168 Domini
501 1121 585 1168 uxr.
603 1125 680 1168 cum
703 1103 881 1189 jamdicti
906 1101 1235 1184 iniquitalissnnn.

156 1204 305 1267 ministri
324 1205 561 1286 praescriptam
576 1203 877 1287 depopulationem
897 1201 1101 1285 complevis-
1112 1179 1262 1280 ffi'eii'n'r‘d‘

157 1309 247 1378 sent,
265 1296 508 1367 ¹(lantuariam
538 1303 717 1368 obsidione
742 1303 980 1380 vassavemnt3
1012 1301 1104 1364 vice-

157 1402 245 1464 simo
270 1408 386 1465 autem
411 1402 598 1466 obsidionis
625 1402 691 1480 die,
715 1423 777 1486 per
799 1402 942 1466 insidias
957 1399 1103 1477 Almari,

157 1500 312 1583 ejusdem
342 1502 529 1583 provinciae
563 1501 806 1578 archidiaconi,
834 1521 937 1584 quem
971 1500 1103 1564 archie-

156 1600 318 1683 piscopus
348 1599 497 1683 A-lsegus
535 1602 643 1683 priuS,
681 1621 724 1665 ne
761 1602 864 1666 morti
898 1600 1103 1674 traderetur,

53 1760 56 1765 .
157 1699 341 1780 eripuerat,
366 1719 446 1781 pars
473 1700 624 1764 civitatis
649 1700 854 1778 incenditur,
879 1699 1001 1763 deinde
1028 1705 1102 1762 tota

158 1800 305 1880 capitur,
324 1798 479 1863 homines
501 1799 722 1884 jugulantur,
744 1800 804 1864 alii
826 1799 973 1863 flammis
997 1798 1102 1862 devo·

158 1905 290 1975 rantur,
319 1899 378 1962 alii
401 1898 444 1962 de
465 1898 573 1962 muris
600 1899 795 1982 praecipites
823 1899 961 1977 dantur,
985 1897 1102 1979 plures

157 2016 220 2079 per
243 1998 393 2062 verenda
420 1999 579 2081 suspensi
606 1997 782 2075 deficiunt,
811 1998 947 2080 parvuli
975 2015 997 2058 a
1028 2015 1102 2059 ma·

158 2099 266 2160 ternis
284 2098 444 2161 uberibus
464 2097 587 2175 avulsi,
605 2104 666 2160 aut
684 2097 814 2161 lanceis
836 2097 872 2159 in
898 2096 1007 2160 altum
1024 2114 1103 2177 pro-

153 2196 239 2279 jecti
254 2195 485 2278 excipiuntur,
502 2204 564 2260 aut
579 2197 711 2260 minute
731 2197 768 2260 in
786 2196 897 2260 frusta
918 2194 1103 2259 concidun-

158 2303 227 2371 tur,
259 2302 426 2359 rnatronae
465 2316 527 2379 per
565 2296 700 2378 plateas
731 2296 887 2359 cruribus
916 2295 1103 2371 distractae,

157 2395 293 2458 demum
316 2395 454 2476 ignibus
480 2395 628 2480 injectae,
652 2395 856 2459 moriuntur.
909 2393 1007 2458 Inter
1028 2392 1103 2457 haec

159 2494 306 2576 Alsegns
334 2494 486 2558 civitatis
510 2495 788 2577 archiepiscopus
819 2494 966 2576 capitur,
996 2492 1104 2557 vinci·

159 2601 227 2671 tur,
250 2593 412 2672 trahitur,
433 2601 467 2658 et
490 2596 596 2658 variis
619 2594 798 2677 suppliciis
819 2591 1012 2670 cruciatnr3
1043 2589 1104 2654 Al-

158 2713 286 2770 marns,
301 2695 408 2757 abbas
423 2694 535 2758 sancti
551 2692 754 2775 Augustini,
768 2692 863 2755 abire
879 2690 1101 2773 permittitur.

120 2782 123 2787 ’
159 2784 1104 2874 Godwinus,Roffensisepiscopus,²etLeolronasanc·

158 2899 204 2954 tae
226 2890 406 2955 Mildredae
428 2892 616 2968 abbatissa,
632 2910 710 2955 cum
728 2889 906 2954 monachis
924 2889 1106 2971 utriusque

159 3009 266 3052 sexus
281 2991 384 3052 turba
396 2991 575 3053 innumera
591 2990 795 3072 capiuntur3
819 2988 944 3054 exinde
959 2988 1107 3051 ecclesia

161 3087 291 3152 Christi
314 3087 464 3169 spoliata
487 3089 711 3167 comburitur,
736 3108 823 3171 grex
848 3086 1106 3165 monachorum,

160 3187 263 3253 turba
285 3188 437 3251 virorum
461 3196 496 3252 et
521 3188 703 3253 mulierum
724 3207 857 3252 necnon
882 3186 1106 3269 parvulorum

158 3288 362 3364 decimatur,
384 3307 508 3351 novem
530 3287 757 3364 trucidantur,
774 3288 856 3351 vitae
878 3285 1031 3350 decimus
1052 3304 1106 3348 re·

159 3395 331 3465 servatur,
355 3394 505 3471 quatuor
529 3387 706 3451 monachis
731 3392 768 3451 et
791 3385 875 3449 viris
899 3384 1108 3466 octingentis

159 3487 404 3552 decimatorum
428 3507 563 3551 summa
584 3482 784 3569 completur.
837 3485 974 3568 Populo
990 3485 1108 3565 itaque

160 3606 263 3663 caeso,
289 3589 372 3650 urhe
402 3588 553 3670 spoliata
577 3594 613 3650 et
634 3592 711 3650 tota
738 3591 968 3660 concremata,
996 3582 1107 3647 archi·

161 3687 288 3768 praesul
320 3686 467 3768 Ali'egus
499 3687 636 3750 vinctus
668 3684 875 3762 extrahitur,
907 3683 1108 3766 impellitur,

200 3926 207 3958 ¹
221 3929 379 3976 eontrarium
390 3928 511 3977 obsidione
522 3930 624 3979 rauave-
651 3931 680 3980 of
688 3930 730 3980 the
741 3931 858 3990 Nativity
869 3929 898 3979 ol
905 3929 948 3978 the
958 3929 1050 3990 Virgin
1060 3929 1111 3977 and

162 3999 242 4060 rant]
259 3997 388 4056 Florence,
404 3997 467 4046 from
484 3999 566 4047 whom
582 3998 624 4047 the
650 4001 677 4050 S.
687 4001 808 4060 Michael,
818 4000 890 4060 Sept.
900 4003 916 4048 8
927 3997 978 4047 and
988 4002 1029 4047 29.

162 4073 269 4118 account
276 4066 404 4128 following
412 4074 553 4128 appearsto
561 4068 624 4119 hare
685 4068 696 4097 ²
708 4071 741 4118 Et
752 4069 870 4128 Leosrmra
878 4067 908 4132 ,·]
926 4068 1047 4116 Florence
1058 4067 1113 4115 also

164 4140 226 4188 been
238 4136 325 4198 taken,
336 4152 395 4198 says
406 4137 624 4200 thatcmterbury
650 4139 725 4201 adds,
741 4139 889 4200 ‘alfredum
906 4139 975 4201 regis
990 4137 1114 4200 praeposi·

164 4223 218 4258 was
233 4207 353 4270 besieged
369 4207 483 4256 between
493 4206 536 4257 the
547 4207 625 4259 nasu
649 4210 711 4261 tus!
