2888 4852
448 450 588 500 riorus
610 448 881 500 nrsronrnnura
1073 437 1138 503 179

186 613 312 673 octavo
334 609 412 674 idus
428 611 619 677 Februarii.
665 611 879 677 Vulneratus
906 611 997 676 onim
1022 611 1136 679 fuerat

185 707 351 792 inpugna
368 712 571 777 australium
589 711 780 787 Saxonum,
797 730 901 793 quam
917 719 1040 776 contra
1056 732 1134 777 eum

110 888 117 901 ι
186 806 355 874 Eadricus
371 811 462 876 filius
480 812 624 894 Egberti
638 812 754 876 fratris
776 812 830 875 sui
851 811 1083 889 commiserat,
1098 822 1134 878 et

184 905 274 971 inter
288 910 491 975 medendum
505 912 688 976 defunctus
705 920 770 977 est.
822 910 910 977 Post
925 931 1003 976 eum
1017 920 1132 977 autem
1145 932 1222 977 uano

184 1006 273 1071 idem
288 1008 457 1076 Eadricus
472 1031 565 1076 anno
580 1018 616 1076 et
630 1011 771 1076 dimidio
788 1012 958 1094 regnavit.
1144 988 1250 1027 'm‘

233 1106 366 1173 Eodem
384 1117 549 1194 tempore,
571 1129 650 1175 cum
672 1113 727 1177 vir
753 1112 883 1175 domini
903 1103 1133 1178 ¹Cutbbertus

183 1207 433 1274 turris-duobus
444 1210 761 1276 Lindissarnensem
776 1212 924 1275 rexisset
939 1211 1132 1290 ecclesiam,

182 1307 295 1372 aciens
316 1310 353 1374 iu
375 1312 499 1393 spiritu
522 1311 603 1388 Dei,
623 1331 693 1395 quo
712 1310 835 1394 plenus
857 1319 943 1388 erat,
961 1310 1052 1374 diem
1077 1313 1131 1376 sui

182 1408 352 1473 transitus·
359 1412 649 1495 appropinquare,
661 1411 789 1495 abjecit
800 1410 936 1493 pondus
947 1429 1039 1473 curae
1050 1430 1132 1493 pas·

181 1507 313 1585 torulis,
324 1517 429 1593 atque
439 1508 483 1574 ad
495 1510 658 1576 dilectum
673 1511 887 1576 heremeticae
896 1511 1130 1574 conversatio·

181 1604 234 1668 nis
251 1625 397 1689 agonem
410 1629 562 1675 remeare
578 1612 725 1688 curavit,
743 1618 783 1675 ut
796 1609 918 1674 inolita
932 1610 998 1674 sibi
1014 1609 1131 1675 solici-

179 1705 309 1772 tudinis
321 1709 503 1775 mundaum
512 1713 650 1794 spineta
662 1711 933 1792 liberiorpriscae
944 1729 1130 1793 compunc-

180 1803 286 1871 tionis
299 1807 439 1874 flamma
458 1818 687 1876 consumeret.
736 1810 807 1891 Qui
829 1830 908 1875 cum
920 1809 1009 1873 duos
1024 1809 1129 1875 ferme
1140 1825 1269 1917 ⁰²?th

1140 1876 1248 1919 cubuit.
1348 1879 1356 1888 “’

180 1924 315 1971 menses
327 1909 364 1972 in
376 1927 504 1992 magna
517 1911 676 1994 repetitae
693 1930 766 1974 suae
775 1911 901 1994 quietis
912 1909 1129 1975 exultatione

178 2008 398 2090 transigeret,
407 2010 585 2093 multoque
593 2017 768 2075 consuetae
777 2009 1002 2074 districtionis
1015 2009 1128 2090 rigore

176 2123 303 2190 eorpus
326 2115 542 2193 mentemque
564 2111 828 2190 constringeret,
850 2116 1009 2190 arreptus
1032 2107 1127 2170 infir·

176 2205 299 2272 mitata
320 2209 447 2287 subita,
473 2210 674 2293 temporalis
699 2209 781 2290 igne
805 2207 947 2285 doloris,
976 2208 1020 2271 ad
1047 2226 1126 2290 per·

176 2314 289 2388 petua
320 2309 428 2391 coepit
459 2309 684 2375 beatitudinis
714 2308 844 2391 gaudia
864 2307 1065 2392 praeparari,
1090 2316 1126 2372 et

176 2407 285 2471 tribus
308 2409 511 2491 septimanis
537 2411 703 2475 continua
725 2408 926 2473 infirmitate
948 2408 1124 2484 decoctus,

176 2505 226 2570 sic
248 2507 293 2572 ad
316 2516 473 2574 extrema
493 2510 672 2593 pervenit3
706 2510 906 2590 exitumque
928 2527 1029 2571 suum
1052 2506 1123 2571 Do·

176 2607 291 2672 minici
304 2610 460 2692 corporis
474 2628 516 2675 ac
531 2610 711 2693 sanguinis
727 2609 948 2692 perceptione
970 2625 1124 2671 commu·

177 2705 446 2786 messueritis
468 2709 578 2774 oculis
600 2728 641 2774 ac
664 2710 823 2774 manibus
843 2709 879 2771 in
900 2707 1035 2784 caelum,
1051 2707 1126 2769 ani·

176 2823 266 2870 mam
291 2825 390 2874 suam
413 2808 491 2873 Deo
520 2809 777 2886 commendans,
807 2808 968 2890 spiritum
998 2806 1122 2870 emisit.

177 2897 310 2972 Deinde
337 2909 381 2973 ad
405 2908 556 2973 insulam
573 2908 889 2973 lindisfarnensem
907 2905 1047 2986 navigio
1064 2904 1125 2968 de·

174 3003 278 3085 latus,
293 3027 437 3091 corpore
453 3010 705 3092 incorruptibili
728 3007 911 3091 sepulchro
934 3005 1072 3089 lapideo
1088 3005 1124 3067 iu

174 3104 317 3172 basilica
343 3109 437 3173 beati
463 3108 561 3174 Petri
591 3109 634 3173 ad
662 3109 843 3173 dexteram
867 3105 1001 3183 altaris,
1023 3103 1124 3187 quasi

173 3204 358 3285 dormiens,
387 3209 521 3292 positus
554 3209 747 3292 requiescit.
804 3206 872 3271 Sed
901 3225 965 3269 nec
995 3223 1036 3268 eo
1065 3203 1124 3268 do·

173 3304 292 3372 functo
307 3327 349 3373 uc
369 3308 551 3385 tumulato,
573 3310 675 3390 signa
691 3309 859 3372 virtutum
881 3323 1029 3380 cessare,
1043 3322 1122 3384 quae

172 3405 294 3472 vivens
322 3416 537 3485 exercuerat,
561 3416 759 3492 potueruut.
814 3405 908 3470 Nam
934 3423 1021 3487 puer
1044 3403 1238 3484 qui-unna.

172 3505 251 3572 dam
273 3507 310 3571 in
333 3509 506 3573 territorio
522 3506 792 3572 lindisfarnensi
813 3524 835 3568 a
850 3504 1005 3568 daemone
1027 3509 1121 3565 atro·

171 3607 310 3671 cissimo
335 3608 542 3686 vexabatur,
564 3609 624 3690 qui
653 3626 716 3672 nec
742 3626 804 3689 per
829 3602 1013 3669 exorcismi
1042 3621 1122 3684 gra·

172 3706 255 3772 tiam
280 3714 419 3791 poterat
442 3707 515 3771 ullo
546 3708 648 3771 modo
676 3707 812 3783 curari3
847 3704 1030 3785 impositus
1059 3720 1121 3764 au·

171 3815 242 3872 tem
270 3827 370 3872 carro
398 3807 579 3871 deducitur
609 3806 653 3871 ad
690 3805 949 3879 monasterium,
982 3809 1022 3865 ut
1059 3820 1121 3883 per

172 3907 264 3972 beati
279 3908 345 3972 viri
368 3908 493 3972 merita
508 3908 555 3971 ibi
572 3913 766 3970 sanaretur.
818 3903 919 3967 Tunc
941 3901 1121 3985 presbyter

170 4007 310 4091 quidam
334 4007 454 4073 divino
476 4007 619 4071 edoctus
647 4007 772 4088 spiritu
799 4004 970 4068 modicam
994 4000 1120 4065 tollens

205 4216 213 4250 ¹
227 4217 399 4282 cubaria]
417 4218 465 4269 See
475 4217 520 4268 lite
530 4218 558 4267 oi
573 4218 600 4268 S.
613 4216 736 4268 cuthbert
746 4217 780 4278 by
793 4214 875 4278 Beda,
881 4227 955 4275 capp.
967 4211 1013 4260 xli.
1020 4209 1076 4260 xlii.

966 4333 981 4367 n
999 4323 1016 4368 2
