2888 4852
407 420 546 469 anonas
569 421 839 471 msronmnuu.
1031 410 1098 474 449

145 572 265 639 denter
283 586 429 660 apparet
450 579 564 660 ipsum
585 577 778 641 naturalem
799 597 867 642 non
889 597 965 641 esse
985 578 1096 642 dorni·

146 692 227 736 num
258 678 318 740 sed
351 686 547 762 tyrannum.
600 676 801 742 Haesitabat
834 678 984 761 populus
1012 679 1096 760 quid

145 773 285 853 faceret,
308 779 392 860 quia
413 779 444 840 si
466 778 593 841 bellum
617 784 798 860 quaereret,
823 778 999 841 ductorem
1026 797 1095 842 nou

144 873 299 952 haberet,
321 878 351 940 si
373 877 621 961 subjectionem
640 877 794 958 eligeret,
811 885 997 960 tyrannum
1019 897 1095 942 rec·

144 980 254 1038 torem
268 975 432 1055 haberet3
454 977 513 1040 sed
530 978 770 1041 necessitatem
785 978 998 1059 patientibus
1014 999 1095 1061 pro-

145 1074 232 1154 pitia
248 1095 384 1159 semper
406 1077 570 1141 divinitas
592 1096 662 1140 non
682 1077 838 1160 permisit
854 1075 1018 1159 Angliam
1034 1078 1093 1141 diu

145 1173 181 1235 in
216 1180 269 1239 tot
305 1177 560 1241 calamitatibus
592 1176 771 1254 fluctuare,
803 1177 971 1259 siquidem
1001 1178 1093 1242 idem

145 1280 313 1355 tyrannus
336 1269 388 1339 ¹in
408 1276 647 1359 purificatione
669 1278 781 1340 beatae
800 1276 937 1354 Mariae,
958 1285 997 1341 ut
1016 1278 1093 1358 qui·

144 1373 223 1436 dam
256 1376 481 1458 scripserunt,
507 1377 676 1440 incertum
703 1396 773 1458 quo
804 1378 924 1440 mortis
956 1392 1091 1458 genere,

144 1474 250 1537 vitam
274 1476 422 1558 turpiter
440 1477 648 1541 terminavit.
700 1472 763 1539 ²ln
783 1476 870 1540 libro
891 1483 1007 1539 autem
1030 1477 1093 1540 mi-

144 1575 338 1638 raculorum
368 1577 480 1641 sancti
514 1577 606 1657 regis
636 1583 671 1639 et
701 1577 863 1659 martyris
896 1575 1091 1639 Eadmundi

143 1675 309 1757 scriptum
334 1677 515 1758 reperitur,
535 1675 627 1758 quod
652 1675 734 1738 dum
755 1676 846 1740 idem
866 1675 1003 1740 Suanus
1028 1676 1092 1739 im·

143 1775 313 1855 portabile
345 1777 511 1840 tributum
541 1776 584 1839 de
614 1776 738 1856 burgo,
767 1776 825 1838 ubi
855 1795 980 1858 corpus
1008 1776 1091 1841 dicti

143 1875 305 1957 martyris
328 1877 524 1958 requiescit,
549 1883 584 1938 et
604 1876 704 1938 terris
721 1875 797 1959 ejus
818 1875 1012 1958 ubicunque
1029 1896 1091 1958 po·

142 1973 219 2037 sitis
242 1975 410 2056 exigeret,
426 1984 461 2040 et
477 1977 590 2058 ipsum
612 1983 798 2059 martyrem
821 1975 869 2038 nil
894 1976 1091 2039 sanctitatis

143 2072 268 2139 habere
283 2073 480 2152 affirmaret,
496 2075 672 2138 abeodem
690 2075 822 2156 sagitta
837 2075 884 2139 sit
898 2075 1091 2152 confossus,

143 2182 249 2256 atque
266 2174 341 2237 diro
356 2175 510 2258 corporis
527 2175 682 2238 cruciatu
696 2168 817 2239 ³tertio
831 2193 941 2238 nonas
958 2174 1090 2238 Febru-

143 2273 207 2336 arii
221 2274 264 2337 ad
283 2281 416 2339 tartara
429 2275 671 2352 transmissus3
697 2294 767 2356 quo
784 2275 958 2350 defuncto,
973 2293 1091 2338 omnes

144 2372 322 2438 Danorum
339 2375 497 2439 nationes
516 2374 560 2438 ad
578 2373 770 2438 cnutonem
791 2374 899 2438 filium
916 2374 992 2457 ejus
1008 2394 1091 2438 con·

144 2472 318 2555 fugerunt,
338 2476 397 2558 qui
422 2483 504 2539 tunc
530 2475 565 2537 in
591 2473 774 2538 Lindeseia
799 2482 886 2551 erat,
911 2474 969 2537 ubi
994 2482 1093 2556 pater

143 2574 219 2657 ejus
238 2574 351 2657 ipsum
373 2595 451 2638 cum
475 2575 586 2638 classe
607 2581 642 2637 et
659 2574 835 2637 obsidibus
852 2574 1041 2649 dimiserat,
1059 2582 1094 2638 et

143 2674 186 2736 ad
211 2694 289 2738 eum
312 2675 490 2739 venientes
514 2675 550 2736 in
577 2693 691 2754 regem
719 2682 754 2736 et
781 2672 956 2736 dominum
979 2673 1093 2753 elege-

143 2782 235 2838 runt.

167 2947 255 3025 Quod
269 2969 323 3012 roc
338 2948 521 3014 Ethelredus
535 2950 570 3012 io
587 2948 739 3034 Acyllam
754 2970 889 3013 reuersus
908 2951 1073 3013 Cootorwm

484 3047 558 3114 telo
572 3050 744 3135 superauit.

195 3171 264 3235 His
280 3173 387 3253 igitur
402 3174 453 3238 ita
463 3175 584 3255 gestis,
595 3168 696 3256 ⁴gens
708 3173 902 3256 Anglorum
918 3173 961 3236 ad
978 3193 1093 3254 regem
1107 3190 1222 3231 namu

395 3275 402 3287 ,
630 3276 637 3288 ,
810 3274 817 3287 .
907 3274 914 3288 ,
1106 3241 1229 3282 saneim.

145 3270 366 3336 Ethelredum
392 3294 428 3336 ιιι
445 3274 696 3339 Normann1am
720 3281 860 3337 nuntios
881 3275 1094 3352 direxerunt,

143 3373 347 3438 mandantes
376 3393 414 3438 se
441 3374 577 3438 nullum
599 3374 679 3457 plus
707 3392 823 3436 amare
848 3392 952 3456 quam
981 3373 1095 3456 ipsum

143 3480 182 3536 ut
204 3473 379 3538 dominum
403 3494 504 3538 suum
524 3474 731 3551 naturalem,
753 3474 783 3536 si
804 3473 922 3537 mitius
942 3493 1002 3538 eos
1021 3474 1095 3537 vel-

143 3572 192 3636 let
206 3593 309 3655 quam
333 3574 429 3656 prius
453 3574 581 3638 fecerat
601 3581 752 3638 tractare
770 3593 778 3653 ;
805 3574 931 3656 quibus
953 3574 1094 3650 auditis,

144 3692 205 3734 rex
224 3673 455 3738 Eadwardum
471 3675 578 3738 filium
599 3694 699 3738 suum
717 3693 794 3738 cum
814 3674 940 3755 legatis
964 3674 1009 3736 ad
1034 3684 1093 3737 eos

181 3878 187 3907 ¹
201 3875 232 3922 la
245 3873 443 3938 purificatam]
460 3874 502 3923 the
517 3875 567 3924 2nd
579 3874 608 3923 of
666 3872 676 3903 ³
688 3874 771 3922 Tertio
779 3872 1014 3938 aoml'ebruarii]
1026 3873 1095 3924 Oan-

145 3946 282 4004 l'ebruary.
630 3944 807 4005 dlemasalam
826 3944 887 3992 Sar.
896 3943 989 3993 Chrou.

179 4012 229 4062 'lu
251 4013 313 4062 libro
334 4012 447 4076 autera]
483 4012 606 4074 Compare
669 4013 761 4064 ⁴Geao
775 4013 912 4075 Anglorum
930 4014 962 4061 od
980 4007 1093 4080 regem]

144 4087 307 4136 Hei-manuus
323 4084 354 4131 de
371 4083 501 4132 miraculis
517 4084 544 4132 S.
556 4084 608 4132 Ed·
631 4085 686 4133 'l'he
697 4089 804 4133 account
812 4083 841 4132 ol
845 4077 1004 4131 Aethelred's
1010 4087 1095 4130 retum

144 4155 244 4215 mundi,
252 4154 315 4202 with
326 4153 368 4203 the
380 4158 501 4203 accounts
507 4155 541 4215 by
551 4154 608 4203 Flo·
632 4155 655 4203 is
665 4154 743 4203 taken
754 4153 845 4214 chiefly
852 4151 915 4201 irom
924 4153 1053 4213 Florence,
1061 4151 1095 4200 ad

144 4239 218 4276 renco
230 4224 280 4274 and
292 4224 401 4274 Simeon.
633 4239 675 4275 an.
689 4228 761 4273 loll.

197 4316 276 4364 von.
301 4315 323 4361 ι.
878 4296 900 4360 2
922 4313 943 4357 o
