2888 4852
326 436 370 500 54
578 450 712 499 ιιοοιιιιι
736 450 784 498 nr
806 448 1015 498 wsnuovnr

325 608 402 693 pati
416 607 584 674 inutiliter
596 607 754 691 praelium
769 606 1003 685 reddiderunt,
1012 625 1090 671 cum
1100 606 1219 672 caeteri
1230 625 1277 671 ex

166 727 283 768 raason
328 708 626 793 praemeditatione
655 708 835 772 audaciam
867 707 1102 791 recepissent;
1137 706 1279 771 tandem

165 779 279 828 ”mm
328 815 412 874 sunt
439 807 535 892 capti
560 809 650 873 Octa
672 815 776 891 atque
804 808 910 884 Eosa,
939 813 975 871 et
997 808 1156 871 Saxones
1178 807 1278 890 peni·

328 915 387 974 tus
410 909 580 992 dissipati.
630 908 790 992 Denique
814 907 972 972 omnibus
997 906 1190 988 pacificatis
1213 926 1277 971 rex

329 1007 528 1074 Londonias
558 1009 725 1092 perrexit,
755 1007 880 1072 Oetam
913 1025 1052 1090 quoque
1078 1013 1115 1071 et
1149 1006 1279 1071 Eosam

328 1108 455 1173 ibidem
483 1109 520 1172 in
549 1126 687 1172 carcere
716 1106 847 1172 servari
884 1106 977 1172 fecit.
1034 1106 1141 1170 Festo
1172 1106 1278 1171 etiam

331 1207 494 1273 Paschali
515 1208 715 1271 imminente
734 1207 842 1291 jussit
866 1205 1065 1290 proceribus
1090 1206 1189 1288 regui
1212 1206 1279 1270 ibi-

328 1306 407 1395 dem
431 1308 626 1385 convenire,
653 1314 705 1384 ut,
722 1314 860 1389 sumpto
886 1305 1094 1384 diademate,
1116 1312 1279 1371 sanctum

330 1407 419 1471 diem
444 1407 573 1472 honore
585 1406 701 1471 debito
722 1407 921 1471 celebraret.
973 1405 1171 1470 Parueruut
1184 1405 1279 1470 illico

329 1508 457 1585 cuncti,
474 1514 510 1571 et
527 1527 589 1571 rex
604 1506 829 1571 festivitatem
842 1526 919 1570 cum
937 1505 1064 1588 gaudio
1078 1504 1278 1570 celebravit.

168 1621 250 1663 0011012
259 1622 318 1663 dure
331 1604 465 1672 Aderat
486 1605 578 1671 inter
599 1614 744 1671 caeteros
768 1605 900 1670 nobiles
917 1603 1070 1684 Gorlois,
1092 1605 1166 1669 dux
1190 1604 1278 1670 Cor·

228 1674 309 1714 Μ”Π
329 1708 455 1785 nubiae,
478 1726 556 1770 cum
571 1726 680 1771 uxore
689 1725 761 1789 sua
784 1705 923 1788 Igerna,
937 1705 1037 1790 cujus
1055 1704 1278 1788 pulchritudo

329 1826 448 1872 omnes
464 1806 625 1870 mulieres
643 1805 833 1870 Britanniae
855 1807 1060 1888 superabat3
1084 1825 1188 1888 quam
1213 1825 1278 1870 rex

329 1927 407 1979 cum
430 1906 653 1989 inspexisset,
676 1906 792 1970 subito
808 1904 954 1970 incaluit
975 1924 1090 1969 amore
1112 1904 1219 1983 illius,
1241 1911 1278 1970 et

329 2006 380 2069 illi
406 2006 471 2069 soli
494 2025 601 2070 aurea
624 2005 750 2088 pocula
774 2005 988 2069 incessanter
1012 2011 1048 2070 et
1071 2004 1203 2069 fercula
1225 2004 1278 2068 di-

329 2106 482 2186 rigebat3
521 2104 613 2188 quod
650 2124 729 2168 cum
761 2105 906 2170 maritus
934 2104 1011 2188 ejus
1040 2104 1277 2187 comperisset,

329 2204 439 2268 iratus
457 2204 558 2268 valde
579 2205 653 2269 sine
670 2204 810 2269 licentia
832 2224 854 2268 a
876 2204 973 2269 curia
989 2205 1143 2269 recessit.
1194 2203 1277 2270 Rex

328 2304 446 2387 itaque
461 2304 563 2369 valde
580 2303 794 2387 indignatus,
812 2302 1021 2368 Coruubiam
1037 2323 1116 2368 cum
1133 2304 1277 2368 festina·

329 2404 422 2469 tione
436 2403 571 2486 petivit,
587 2405 622 2467 in
637 2404 740 2468 urbes
756 2403 831 2488 ejus
846 2412 882 2467 et
895 2404 1022 2486 oppida
1036 2405 1150 2486 ignem
1174 2423 1277 2468 accu-

329 2503 487 2583 mulans;
516 2505 560 2568 ad
587 2504 745 2568 ultimum
776 2523 854 2568 cum
885 2503 930 2567 ad
960 2503 1126 2587 oppidum
1150 2498 1276 2569 ¹Dimi·

328 2602 414 2667 lieth
436 2604 660 2686 pervenisset,
676 2603 835 2668 comitem
858 2604 1035 2667 obsessum
1058 2603 1102 2667 ad
1119 2604 1276 2686 praelium

329 2703 544 2784 provocavit.
597 2703 722 2767 Comes
739 2723 821 2767 vero
833 2703 1026 2767 inconsulte
1039 2722 1160 2786 agens,
1177 2704 1277 2786 oppi-

328 2801 410 2865 dum
433 2822 594 2885 egressus
622 2810 698 2881 est3
725 2803 785 2867 sed
808 2803 899 2867 inter
921 2804 1050 2885 primos
1074 2805 1204 2869 comuit
1226 2805 1276 2868 le·

327 2901 468 2966 thaliter
499 2903 712 2976 vulneratus,
740 2911 774 2966 et
807 2902 893 2967 socii
921 2902 996 2986 ejus
1024 2903 1162 2985 penitus
1194 2911 1277 2968 sunt

165 3015 296 3057 niueae
327 3000 496 3085 dissipati
550 3002 630 3066 Rex
647 3021 730 3066 vcro
733 3009 835 3084 ,post
849 3009 994 3066 mortem
1009 3001 1115 3081 illiue,
1130 3022 1275 3067 uxorem

164 3066 298 3117 ΜΝ
327 3101 404 3185 ejus
429 3102 531 3166 duxit
545 3102 765 3167 matrimonio
786 3102 996 3185 copulatam,
1019 3103 1207 3185 genuitque
1229 3123 1275 3168 ex

326 3219 369 3264 ea
397 3200 504 3265 filium
528 3209 564 3265 et
586 3201 713 3280 filiam3
736 3201 827 3264 filius
849 3208 965 3265 autem
981 3200 1157 3267 Arthurus
1183 3203 1275 3268 dice·

325 3301 440 3379 batur,
456 3295 546 3365 ²filia
561 3321 643 3365 vero
665 3299 781 3365 Anna.
834 3300 901 3365 Sed
918 3299 1105 3380 Arthurus,
1129 3310 1170 3368 ut
1187 3303 1276 3368 cele·

326 3400 397 3463 hris
412 3400 610 3479 haberetur,
625 3401 714 3464 mira
728 3400 901 3483 probitate
914 3402 1112 3483 promeruit.

559 3575 632 3640 Duo
646 3573 804 3660 apendici
818 3581 1043 3639 οοοοοονοοιιιν

160 3712 299 3812 amm
375 3697 479 3764 Anno
502 3701 625 3782 gratiae
651 3716 861 3777 ccccxc1x,
881 3707 1017 3764 mortuo
1043 3717 1135 3782 papa
1157 3695 1273 3762 Anus·

161 3823 220 3862 pope.

360 3863 368 3895 ¹
388 3867 543 3933 nimenta]
568 3868 639 3918 Near
659 3867 787 3930 ‘liutegell
811 3866 928 3916 attached
940 3865 1006 3915 toit.
1042 3864 1164 3914 Whether
1177 3865 1241 3914 such
1257 3880 1274 3915 a

322 3936 411 3986 caede.
767 3995 773 4003 ¹
810 3951 901 3997 person
920 3950 950 3985 us
961 3934 1200 3997 other-pendragon
1214 3950 1274 3985 ever

357 4003 445 4055 'Filio
455 4000 613 4074 vereduna]
624 4006 662 4056 As
669 4006 712 4056 the
721 4006 786 4056 sore·
810 4005 918 4067 existed,
936 4004 987 4055 and
1004 4005 1027 4053 is
1042 4019 1070 4053 so
1081 4004 1151 4053 what
1160 4018 1216 4054 was
1232 4005 1274 4054 his

322 4076 399 4139 going
409 4081 479 4137 story
489 4082 697 4137 appeurstorest
704 4076 784 4138 solely
809 4075 972 4136 relationship
1000 4080 1027 4124 to
1048 4075 1199 4124 Ambrosius
1221 4076 1272 4125 ond

321 4161 389 4207 upon
399 4146 442 4195 the
455 4146 582 4206 authority
592 4145 621 4194 os
629 4147 749 4208 Geoffrey
757 4147 787 4194 os
809 4145 915 4207 Arthur,
923 4146 945 4193 is
956 4160 972 4194 a
983 4149 1095 4206 mystery
1100 4144 1156 4193 that
1162 4146 1272 4195 remeius

321 4215 480 4278 Moumouth,
491 4216 599 4265 itisnot
609 4216 716 4268 difficolt
727 4231 784 4278 per·
809 4221 852 4277 yet
874 4221 899 4264 to
922 4216 952 4263 he
974 4215 1070 4264 solved.
1106 4214 1154 4263 See
1177 4215 1271 4278 Rapio,

320 4285 427 4347 hepate
443 4301 489 4348 say
502 4286 571 4336 what
582 4286 695 4336 creditis
708 4291 734 4336 to
751 4287 782 4336 be
809 4287 827 4335 i.
839 4301 865 4347 p.
877 4288 918 4348 ³7,
930 4285 979 4334 und
990 4283 1084 4347 Spced,
1094 4299 1121 4346 p.
1133 4288 1191 4336 ³15.
