2888 4852
329 409 396 474 264
585 422 718 471 aocnru
744 422 791 469 nn
813 418 1020 468 wnuoovsa

332 578 472 667 glorum'
494 577 697 659 pontificum
719 576 889 660 epistolis,
915 576 991 657 ipso
1022 568 1281 656 archiepiscopo

332 677 549 742 Athelhardo
572 677 781 757 legationem
804 675 1011 757 generaliter
1027 673 1204 754 fungente,
1221 690 1283 753 pe-

333 777 390 841 tiit
417 775 509 858 quod
532 776 753 857 impetravit3
782 775 873 838 unde
895 774 1050 856 profecto
1075 773 1119 836 ad
1143 770 1282 834 laudem

332 875 587 958 archipraesulis
609 874 702 938 illius
725 882 760 938 et
783 874 928 955 gloriam
947 871 1173 938 excellentius
1194 889 1284 953 prae·

333 975 480 1052 dicatur,
504 974 619 1056 ipsum
646 973 827 1056 pristinam
858 991 1040 1038 revocasse
1066 970 1283 1052 dignitatem,

334 1094 439 1157 quam
454 1073 663 1156 adquisitam
678 1072 861 1137 custodire.
915 1072 1045 1136 Eodem
1060 1088 1163 1147 anno,
1182 1063 1283 1132 ιΜίΙ-

333 1174 439 1238 dredo
456 1172 691 1253 Wigomiensi
714 1173 870 1236 antistite
889 1171 1062 1247 defuncto,
1078 1169 1284 1233 Weremun-

334 1273 399 1336 dus
410 1273 577 1335 successit
590 1291 598 1351 ;
616 1272 814 1353 quantique
825 1290 916 1334 anno
926 1269 1139 1346 Eanbaldus‚
1152 1267 1285 1332 Ebora·

334 1372 446 1436 censis
462 1370 751 1453 archiepiscopus,
764 1379 908 1453 accepto
924 1370 1042 1453 pallio,
1055 1375 1135 1452 post
1145 1361 1286 1431 'Ethel-

334 1473 469 1536 hertum
492 1470 684 1535 antistitem
707 1470 881 1535 ordinavit
895 1470 1104 1545 Eadredum,
1119 1467 1284 1551 adjuncto

334 1572 400 1636 sihi
417 1570 597 1652 Higbaldo
616 1570 791 1652 episcopo,
808 1570 852 1633 ad
875 1568 1097 1652 pontificatus
1119 1566 1284 1630 honorem

335 1671 439 1735 tertio
461 1669 628 1734 kalendas
654 1669 863 1734 Novembris
884 1670 921 1733 iu
946 1668 1035 1746 loco,
1051 1668 1111 1751 qui
1134 1666 1285 1730 ‘Wode-

335 1770 454 1836 sorda'
469 1777 697 1852 nuncupatur.

436 1944 486 2007 De
500 1942 711 2026 mendicantis
724 1940 863 2025 Kennlfi,
878 1943 959 2028 regis
972 1942 1174 2007 Marciorum.

176 2088 231 2128 nn.
242 2086 286 2125 ra.
388 2065 493 2131 Anno
511 2067 654 2131 Domini
670 2084 871 2132 nccxcvrrr.
888 2061 1092 2144 ³Kenulsus,
1110 2086 1173 2130 rex
1191 2065 1287 2129 Mer-

175 2135 328 2229 ocpfflyu
337 2166 481 2243 ciorum,
499 2166 633 2230 Cantiae
657 2168 870 2248 provinciam
886 2167 1057 2231 hostiliter
1074 2167 1288 2249 perlustrans

338 2266 514 2350 praedatus
532 2276 597 2344 est,
619 2285 804 2348 regemque
829 2286 947 2330 eorum
965 2266 1187 2354 Eadbertum,
1205 2285 1288 2347 cog-

338 2365 476 2429 nomine
488 2364 593 2443 Pren,
607 2365 738 2429 viribus
752 2365 818 2429 sihi
835 2366 1000 2449 imparem
1017 2365 1289 2448 comprehendit,

339 2472 375 2528 et
392 2458 546 2529 vinctum
560 2483 677 2528 secum
693 2484 771 2528 cum
787 2465 934 2528 victoria
950 2464 1099 2529 reduxit.
1133 2464 1200 2528 Sed
1217 2485 1288 2529 non

337 2564 449 2628 multo'
475 2571 567 2646 post,
593 2584 698 2646 quum
722 2564 813 2646 apud
835 2564 1155 2628 winchelcumbam
1179 2555 1289 2628 eccle-

340 2664 446 2740 siam,·
456 2683 561 2745 quam
578 2663 795 2740 fundaverat,
811 2663 893 2727 iecit
904 2663 1067 2740 dedicari,
1081 2665 1158 2746 ipsa
1169 2682 1289 2728 conse·

340 2762 505 2827 crationis
520 2763 576 2826 die
598 2783 715 2844 regem
733 2765 908 2844 captivum
930 2770 1011 2827 ante
1036 2764 1147 2827 altare
1169 2782 1289 2826 manu-

339 2863 480 2927 mittens
497 2863 658 2927 libertate
673 2863 827 2927 donavit.
865 2862 998 2927 Aderat
1014 2863 1061 2927 ihi
1079 2861 1289 2939 Cuthredus,

340 2981 442 3044 quem
468 2961 641 3026 Kenullus
664 2968 726 3026 re'x
749 2961 952 3045 praefecerat
977 2961 1190 3027 cantuaritis
1212 2961 1290 3026 loco

341 3061 506 3127 Eadberti
528 3061 728 3145 supradicti.
781 3062 934 3126 Basilica
950 3061 1127 3144 plausibus
1149 3056 1290 3125 resona·

340 3163 413 3238 hat,
444 3163 561 3243 platea
593 3162 803 3225 discursibus
831 3161 1009 3239 fremebat,
1033 3161 1125 3243 quod
1152 3161 1222 3224 illic
1252 3164 1289 3225 in

341 3269 515 3324 conventu
537 3261 700 3325 tredecim
719 3261 959 3344 episcoporum
976 3268 1012 3324 et
1029 3260 1146 3324 decem
1163 3260 1289 3324 ducum

342 3359 457 3423 nullus
483 3360 656 3441 largitatis
678 3379 801 3442 passus
827 3369 881 3425 est
904 3361 1090 3443 repulsam,
1115 3361 1197 3423 dum
1219 3362 1290 3425 siu·

342 3459 416 3541 guli
434 3459 571 3522 refectis
586 3459 771 3542 marsupiis
787 3460 866 3524 hinc.
884 3462 1026 3525 abibant
1041 3481 1050 3540 ;
1067 3480 1147 3523 nam
1164 3469 1292 3543 praeter

352 3743 354 3746 Α
378 3703 520 3755 'Mildredo
603 3709 804 3772 Weremundus]
831 3711 929 3758 council
949 3710 978 3758 of
998 3709 1155 3760 Chalchuthe
1179 3711 1205 3759 in
1222 3715 1292 3774 ⁷⁸⁷3

341 3775 395 3825 The
411 3776 563 3839 chronology
574 3776 634 3826 here
652 3778 674 3825 is
691 3793 751 3838 very
768 3779 806 3827 in·
831 3781 908 3842 Angl.
921 3780 990 3828 Sacr.
1002 3781 1020 3829 i.
1032 3796 1057 3841 p.
1069 3783 1127 3828 471.

342 3851 446 3895 correct.
482 3846 595 3894 Mildred
605 3861 660 3894 was
671 3852 698 3895 at
709 3848 751 3896 the
762 3863 805 3909 oy·
865 3846 1055 3898 'Etbelbertam
1071 3849 1229 3913 antistitem]
1250 3852 1292 3901 He

342 3916 392 3964 nod
404 3915 433 3965 of
441 3916 565 3965 clovesho
577 3918 603 3964 in
615 3920 673 3977 ⁷42,
684 3918 734 3966 and
745 3918 805 3966 died
831 3932 885 3967 was
907 3919 997 3981 bishop
1013 3919 1042 3968 of
1060 3919 1226 3981 Hagustaldt‚
1241 3921 1292 3970 aud

342 3986 421 4034 about
442 3990 511 4046 7⁷⁶3
537 3987 722 4035 Weremuudus
746 3986 805 4036 then
831 3987 890 4036 died
902 3997 929 4036 at
941 3989 1038 4038 Bartun
1048 3988 1090 4037 the
1101 3989 1159 4037 loth
1168 3989 1295 4052 October3

342 4055 494 4117 succeeded,
513 4057 564 4105 and
581 4057 651 4117 died,
670 4056 805 4119 according
832 4058 941 4106 Simeon.

343 4125 509 4186 tortoreuce,
527 4127 631 4185 in⁷813
649 4125 806 4188 Henthored,
866 4125 1019 4188 ³Keaulsna
1046 4142 1092 4176 ren
1108 4129 1294 4195 Mentorea]

343 4195 387 4244 the
398 4196 491 4245 second
502 4194 565 4245 hom
582 4195 643 4259 him,
659 4211 714 4251 was
725 4202 752 4246 at
763 4196 805 4246 the
830 4196 920 4247 Talea
931 4197 993 4248 from
1006 4197 1175 4263 Mnlmsbury,
1185 4213 1214 4261 p.
1225 4204 1283 4251 1³1.
