2888 4852
176 589 251 631 Vlslan
259 588 284 628 ol

177 636 319 682 Drlcbtbelm.

338 397 404 462 194
591 411 725 460 nocnni
750 412 797 458 nn
821 410 1028 460 wnunovnn

340 570 543 637 tenuissima
556 566 740 632 videbatur
764 573 800 629 et
821 584 941 649 parva.
995 565 1037 628 In
1059 563 1163 648 hujus
1182 582 1292 626 amoe·

340 670 484 735 nitatem
498 668 566 732 loci
583 686 663 730 cum
679 685 744 730 nos
758 667 949 730 intraturos
965 683 1153 747 sperarem,
1170 662 1294 726 ductor

340 789 438 835 meus
455 774 596 851 repente
620 765 788 841 substitit,
802 772 837 830 et
850 766 925 829 sine
940 783 1038 828 mora
1058 782 1216 846 gressum
1239 781 1293 825 re-

342 877 521 951 torquenS,
552 867 630 949 ipsa
659 884 727 941 me,
756 883 827 947 qua
857 864 1028 942 venimus,
1055 863 1114 928 via
1142 861 1293 926 reduxit.

342 969 444 1034 Tunc
473 965 530 1049 qui
565 984 620 1029 me
649 964 799 1028 ducebat
826 963 909 1028 mibi
939 964 1042 1039 dixit,
1080 962 1183 1026 ‘Scis
1214 981 1293 1044 quae

342 1074 425 1132 sunt
450 1067 520 1131 ista
546 1064 663 1129 omnia
687 1083 766 1146 quae
794 1063 951 1127 vidistil'
1012 1061 1192 1144 Respondi
1216 1079 1294 1141 ego,

343 1165 454 1230 ‘Non
469 1166 490 1244 ;'
529 1171 565 1227 et
599 1164 661 1240 ait,
701 1162 843 1227 ‘Vallis
873 1162 946 1239 illa,
986 1180 1090 1243 qnam
1126 1159 1294 1243 aspexisti

345 1265 492 1329 flammis
509 1263 721 1328 ferventibus
745 1270 781 1327 et
802 1262 989 1344 frigoribus
1016 1260 1221 1325 horrendam
1249 1260 1295 1322 ri·

344 1364 446 1447 gidis,
469 1365 546 1445 ipse
576 1370 630 1426 est
659 1362 757 1425 locus
780 1362 816 1425 in
848 1380 916 1443 quo
945 1359 1186 1424 examinandae
1213 1366 1297 1422 sunt

345 1464 469 1528 animae
492 1462 642 1539 illorum,
665 1460 726 1543 qui
748 1460 911 1525 differunt
935 1460 1092 1525 confiteri
1120 1466 1156 1523 et
1181 1477 1296 1523 emen-

346 1563 430 1628 dare
455 1562 587 1625 scelera
608 1581 686 1643 quae
711 1560 879 1637 fecerunt,
904 1559 1025 1624 sedin
1051 1559 1127 1642 ipso
1155 1557 1295 1622 tandem

346 1661 471 1727 mortis
483 1660 630 1725 articulo
647 1659 691 1723 ad
707 1659 949 1741 poenitentiam
965 1658 1182 1741 confugiunt,
1193 1665 1229 1721 et
1245 1658 1296 1721 sic

346 1761 391 1826 de
414 1779 558 1843 corpore
579 1765 747 1825 exeuntes
769 1777 888 1824 omnes
910 1759 947 1822 in
973 1759 1029 1823 die
1048 1758 1172 1842 judicii
1194 1756 1297 1821 calo-

347 1881 425 1925 rum
445 1859 655 1943 ,perveniunt
679 1857 724 1922 ad
746 1878 910 1940 regnum3
945 1858 1075 1923 multos
1094 1858 1198 1922 etiam
1219 1876 1297 1938 pre-

348 1979 406 2024 ces
421 1959 623 2035 viventium,
644 1965 682 2027 et
696 1957 935 2041 eleemosyna,
944 1958 1081 2042 jejunia
1095 1964 1131 2021 et
1147 1957 1298 2021 maxime

348 2060 532 2125 missarum
552 2057 739 2121 celebratio
765 2056 945 2142 adjuvant,
966 2064 1006 2121 ut
1027 2064 1109 2120 ante
1128 2056 1218 2120 diem
1238 2057 1297 2140 ju-

347 2158 430 2223 dicii
446 2158 646 2221 liberentur.
700 2155 811 2221 Porro
826 2166 951 2240 putens
972 2157 1031 2220 ille
1047 2155 1298 2219 flammivomus

308 2247 309 2250 ¹
349 2276 391 2323 ac
411 2256 567 2332 soetidus,
583 2275 686 2338 quem
704 2255 834 2333 vidisti,
854 2257 968 2339 ipsum
983 2264 1096 2320 estes
1118 2254 1299 2337 gehennae,

348 2357 386 2430 in
409 2355 502 2438 quod
528 2355 588 2437 qui
614 2355 721 2419 semel
748 2355 907 2420 inciderit
934 2376 1003 2421 non
1036 2355 1238 2419 liberabitur
1263 2355 1299 2418 in

349 2463 540 2532 {eternum
573 2453 670 2518 locus
695 2473 779 2518 vero
812 2455 952 2533 florifer,
980 2475 1082 2538 quem
1105 2455 1234 2531 vidisti,
1263 2455 1298 2517 in

348 2574 418 2638 qno
442 2553 708 2637 pulcherrimam
725 2553 945 2637 juventutem
964 2555 1149 2640 jocundari
1168 2573 1209 2618 ac
1232 2554 1299 2617 lul·

349 2672 432 2737 gere
469 2653 695 2735 conspexisti,
726 2654 802 2736 ipse
832 2661 886 2719 est
919 2655 956 2718 in
989 2674 1058 2737 quo
1087 2654 1300 2736 recipiuntur

349 2752 476 2817 animae
496 2771 629 2831 eorum,
646 2752 707 2834 qui
726 2753 763 2817 in
784 2754 885 2817 bonis
907 2755 1070 2836 operibus
1093 2755 1135 2818 de
1156 2773 1300 2835 corpore

349 2859 493 2930 exeunt,
521 2871 585 2916 nee
609 2860 727 2915 tamen
756 2858 865 2917 tantae
891 2859 974 2916 sunt
998 2853 1231 2936 perfectionis,
1259 2861 1300 2917 ut

348 2953 469 3017 statim
492 2970 638 3033 regnum
660 2950 823 3015 caelorum
844 2952 981 3034 ingredi
1002 2961 1212 3029 mereantur,
1238 2955 1299 3035 qui

347 3060 467 3119 tamen
489 3070 608 3115 omnes
630 3051 666 3114 in
690 3050 746 3114 die
763 3051 887 3135 judicii
909 3052 953 3115 ad
976 3053 1143 3117 rislonem
1170 3052 1239 3117 Dei
1265 3061 1301 3118 et

349 3151 478 3233 gaudia
505 3150 604 3231 regni
625 3149 775 3214 caelestis
804 3152 1007 3231 intrabunt;
1039 3153 1300 3235 etquicunque

349 3251 386 3314 in
423 3249 516 3314 omni
553 3250 671 3326 verbo,
704 3268 809 3332 opere
839 3259 875 3315 et
913 3251 1124 3334 cogitatione
1158 3251 1301 3334 perfecti

350 3357 445 3428 sunt,
471 3366 554 3412 mox
578 3346 621 3410 de
647 3366 790 3431 corpore
818 3351 950 3432 egressi
979 3369 1124 3432 regnum
1151 3351 1302 3432 ingredi-

345 3457 457 3513 untur
479 3448 667 3526 caelorum3
698 3448 743 3511 ad
765 3448 865 3532 quus
881 3450 1010 3514 vicinia
1031 3451 1182 3533 pertinet
1202 3451 1300 3515 locus

350 3547 423 3625 ifle,
444 3546 503 3611 ubi
518 3564 643 3610 sonum
658 3547 840 3612 cantilenae
858 3549 969 3613 dulcis
989 3549 1094 3614 odore
1115 3550 1301 3614 suavitatis

350 3665 392 3710 ac
405 3645 588 3729 splendore
602 3646 689 3710 lucis
705 3646 845 3712 audisti.
895 3648 951 3713 Tu
968 3657 1097 3726 antem,
1112 3649 1194 3732 quia
1209 3669 1303 3715 nunc

349 3746 394 3810 ad
413 3765 539 3828 eorpus
556 3747 683 3810 reverti
702 3755 739 3812 et
753 3767 889 3811 rursum
908 3749 1000 3812 inter
1014 3748 1169 3813 homines
1183 3748 1302 3814 vivere

350 3845 467 3922 debes,
481 3844 511 3908 si
528 3853 628 3909 actus
650 3853 730 3911 tuos
751 3847 921 3912 curiosius
942 3848 1114 3913 discutere
1133 3855 1169 3913 et
1188 3868 1301 3914 mores

351 3963 594 4027 sermonesque
617 3951 697 4010 tuos
723 3946 761 4010 in
785 3947 992 4011 rectitudine
1015 3967 1057 4012 ac
1079 3947 1300 4031 simplicitate

350 4063 491 4109 servare
513 4044 699 4122 studueris,
721 4046 871 4129 accipies
892 4054 929 4111 et
953 4048 1028 4130 ipse
1055 4054 1300 4131 postmortem

349 4143 464 4210 locum
486 4145 675 4210 mansionis
697 4145 788 4210 inter
809 4146 896 4227 haee,
914 4166 993 4230 quae
1008 4147 1139 4227 vidisti,
1159 4149 1298 4232 agmina
