2888 4852
314 411 357 476 12
572 425 705 474 noosur
731 426 778 474 os
801 425 1008 474 wsunovsa

318 584 374 648 die
389 583 544 667 ejusdem
560 582 798 659 dedicationis,
813 589 999 666 antequam
1014 581 1128 648 officia
1149 582 1271 649 incho-

319 691 480 762 arentur„
497 683 734 748 beatissimum
757 701 882 765 corpus
904 683 1112 748 confessoris
1138 682 1270 748 Christi

320 783 488 848 Germani
511 803 574 867 per
601 782 772 847 Viennam
799 781 1032 865 deportatum,
1064 785 1100 847 iu
1125 783 1271 848 eandem

319 884 500 949 ecclesiam
524 902 650 948 novam
674 882 883 965 repausandi
915 883 1029 964 gratia
1060 875 1272 966 portaretur,

320 984 440 1067 sicque
465 983 531 1047 viri
562 983 631 1047 Dei
653 983 861 1064 promissum
892 988 1031 1047 constat
1057 976 1271 1066 ¹impletum.

321 1085 410 1164 Quae
427 1082 698 1165 miraculaque
708 1082 877 1146 virtutum
891 1081 1043 1164 insignia
1057 1103 1120 1167 per
1130 1084 1271 1148 beatum

321 1185 432 1249 virum
456 1183 493 1246 in
510 1183 694 1246 Britannia
720 1180 817 1245 Deus
834 1190 997 1264 operatus
1013 1182 1072 1261 sit,
1095 1183 1193 1262 liber,
1209 1185 1270 1267 qui

319 1284 362 1348 de
375 1283 484 1367 ipsius
501 1283 573 1347 vita
588 1282 737 1364 scriptus
752 1288 817 1359 est,
833 1281 949 1363 legere
965 1281 1161 1347 volentibus
1180 1284 1272 1348 iudi·

319 1385 424 1449 cabit.
469 1376 581 1447 2Beda
594 1388 708 1445 tamen
730 1381 765 1443 in
781 1381 926 1445 historia
937 1380 1132 1464 Anglorum
1149 1383 1268 1462 refert,

320 1485 433 1567 ipsum
449 1482 572 1546 abhoc
593 1480 710 1546 seculo
725 1481 893 1562 migrasse
911 1500 1001 1545 anno
1021 1483 1155 1566 imperii
1173 1483 1272 1549 Mar·

322 1584 412 1648 ciani
427 1589 541 1658 sexto,
555 1582 615 1665 qui
631 1588 684 1645 est
702 1600 814 1644 annus
831 1582 1016 1664 posthunc
1032 1576 1207 1648 ⁸octavus.

578 1760 749 1845 Philippus
756 1757 915 1845 presbyter
929 1757 1012 1824 odiit.

161 1910 271 1950 susa.
370 1882 476 1950 Anno
493 1884 615 1967 gratiae
631 1875 982 1967 ceccu1.⁴Philippus
998 1885 1190 1968 presbyter,
1209 1904 1273 1950 au·

160 1959 412 2060 lillliill'ditor
434 1985 528 2049 beati
552 1982 771 2068 Hieronymi,
788 1983 849 2066 qui
873 1984 909 2047 in
931 1983 954 2047 J
958 1984 1002 2047 ob
1024 1985 1172 2067 simplici
1197 2005 1273 2050 ser·

159 2063 226 2110 ”²⁰⁵
322 2104 422 2149 mone
435 2084 542 2149 libros
556 2083 675 2162 edidit,
689 2082 780 2147 diem
793 2083 920 2147 clausit
935 2091 1141 2149 extremum.

571 2257 619 2320 De
634 2256 760 2321 cruolio
777 2255 1021 2322 Chalcedonensi.

162 2409 272 2450 ense.
373 2380 478 2448 Anno
500 2383 623 2465 gratiae
638 2398 790 2446 ceccuu.
805 2389 942 2447 mortuo
957 2381 1153 2448 Theodosio
1165 2384 1275 2468 impe-

154 2461 287 2552 {hilii
324 2489 451 2561 ratore,
485 2482 687 2546 Marcianus
719 2489 755 2545 et
777 2481 1045 2546 Valentinianus
1075 2503 1138 2547 sex
1170 2487 1272 2548 annis

323 2583 592 2664 imperaverunt.
655 2581 813 2659 Quorum
839 2582 937 2664 regni
963 2583 1075 2660 initio,
1100 2584 1272 2649 industria

322 2681 417 2746 beati
434 2683 561 2747 Leonis
576 2699 689 2765 papae,
708 2675 1001 2746 ⁵Chalcedonense
1017 2683 1200 2748 concilium
1216 2704 1274 2749 ce·

322 2780 488 2861 leluatur,
516 2782 575 2845 uhi
600 2780 776 2866 Eutyches
802 2801 880 2845 curn
909 2782 1090 2860 Dioscoro,
1114 2783 1272 2849 Alexan·

323 2880 422 2947 drino
452 2882 626 2965 episcopo,
662 2882 914 2945 convincuntur
945 2883 1081 2964 publice
1110 2891 1146 2947 et
1174 2884 1273 2949 dam·

323 2988 463 3046 uantur.
519 2982 602 3046 Erat
619 2968 735 3046 autem
751 2980 925 3064 Eutyches
949 2982 1057 3046 abbas
1073 2981 1273 3049 Constanti·

323 3081 557 3165 nopolitanuS,
588 3082 648 3164 qui
680 3081 857 3145 Christum
884 3090 965 3164 post
999 3082 1184 3148 humanam
1216 3104 1273 3149 as·

323 3183 554 3264 sumptionem
577 3182 719 3263 negavit
733 3181 883 3244 existere
906 3182 949 3246 de
971 3181 1105 3246 duabus
1128 3185 1273 3264 naturis,

323 3281 385 3345 sed
399 3281 508 3345 solam
522 3280 675 3345 divinam
693 3281 730 3343 in
747 3300 788 3344 eo
806 3283 955 3346 asseruit
971 3301 1046 3347 esse
1062 3291 1234 3349 naturam.

359 3463 366 3494 ¹
379 3466 532 3531 impletum]
549 3466 629 3516 There
641 3466 664 3515 is
675 3481 708 3515 no
718 3480 786 3515 men·
847 3463 858 3494 ³
874 3467 1002 3531 Oetam]
1027 3468 1141 3518 Another
1162 3469 1274 3520 instance

322 3538 374 3586 tien
385 3536 415 3585 of
422 3536 473 3585 this
486 3552 635 3586 occuneuce
649 3537 676 3584 in
688 3536 729 3586 the
741 3536 786 3585 life
811 3537 840 3586 of
847 3536 890 3585 the
902 3537 1032 3587 confusion
1043 3539 1070 3586 in
1081 3538 1132 3587 this
1143 3553 1263 3602 passage.

321 3609 350 3657 of
358 3608 501 3658 Germanus
518 3608 552 3669 by
563 3606 726 3657 Consentius
743 3608 787 3655 be·
846 3605 1023 3672 ⁴Phitippas.]
1047 3608 1097 3657 His
1114 3609 1186 3658 work
1205 3625 1275 3672 upon

322 3677 375 3728 fore
387 3678 462 3727 cited.
810 3676 861 3726 Joh
882 3692 938 3727 was
965 3678 1065 3739 printed
1093 3684 1121 3729 at
1143 3679 1220 3729 Basle
1248 3682 1274 3729 in

357 3743 469 3809 πΒειίιι.]
479 3746 542 3796 This
553 3746 714 3808 issstrauge
724 3745 786 3793 mis·
812 3750 886 3809 152⁷,
919 3749 1024 3797 entitled
1057 3749 1274 3800 ‘Commentarius

321 3817 392 3879 take,
410 3832 438 3866 as
459 3816 531 3866 Beda
552 3817 684 3878 expressly
706 3819 785 3864 states
809 3817 863 3866 sive
874 3819 982 3878 mystica
993 3819 1117 3879 expositio
1133 3820 1160 3868 in
1171 3819 1276 3883 Jobum,

322 3887 377 3937 that
388 3887 531 3937 Germanus
547 3887 608 3935 died
625 3891 652 3934 at
665 3886 786 3935 Rursum
809 3887 881 3936 libris
897 3889 979 3937 trihus
1001 3889 1121 3939 distincta
1137 3889 1274 3952 dicataque

322 3958 348 4006 in
371 3957 413 4006 the
432 3958 492 4006 time
513 3956 542 4005 of
557 3956 718 4006 Valentiniau
734 3957 785 4005 aud
811 3957 930 4007 Nestorio
941 3960 1078 4021 episcopo!

324 4027 450 4077 Placidia.
507 4027 532 4076 lt
566 4028 589 4076 is
624 4026 785 4075 Valentiniau
846 4025 1079 4093 tetrachma]
1100 4028 1155 4078 The
1174 4032 1273 4080 couucil

321 4097 380 4145 who
401 4097 431 4146 he
448 4111 508 4158 says
525 4111 579 4145 was
597 4095 677 4144 killed
697 4097 724 4144 in
742 4096 785 4145 the
809 4096 838 4145 of
847 4098 1000 4161 Chalcedon,
1011 4101 1053 4149 the
1070 4099 1154 4148 fourth
1172 4103 1274 4162 general

321 4167 389 4215 sixth
408 4182 469 4228 year
485 4168 514 4217 of
527 4168 568 4217 the
585 4181 699 4230 emperor
716 4167 785 4216 Mar·
809 4169 917 4226 couucil,
939 4185 993 4218 was
1021 4170 1148 4220 conveued
1177 4171 1203 4220 iu
1229 4171 1273 4221 the

320 4237 462 4299 clamito.
809 4239 928 4298 previous
940 4254 1007 4301 year.
