2888 4852
404 431 544 479 rnonns
568 429 838 480 nrsronuinuu.
1032 415 1098 480 51⁷

148 609 267 655 casum
294 591 330 654 in
361 589 483 654 melius
511 590 738 654 commutavit
766 589 879 666 miles,
908 588 967 671 qui
992 607 1100 671 prope

149 692 278 768 stabat,
304 690 433 767 dicens,
457 683 605 768 ¹‘Dux,’
625 691 749 773 inquit,
777 687 971 771 ‘Angliam
992 695 1101 767 tenes,

149 810 212 855 rex
229 789 389 856 futurus!
424 788 507 868 Qui,
523 810 608 853 mox
628 796 667 854 ut
683 790 865 873 applicuit,
887 808 1021 853 omnem
1037 808 1100 852 ex-

148 890 294 955 ercitum
303 884 342 954 'a
352 889 472 974 praedn
487 889 642 955 cohibuit
655 890 785 967 dicens,
800 890 915 966 rebus,
932 907 1010 970 quae
1027 872 1101 952 suae

150 998 250 1054 erent
266 991 303 1054 in
316 991 413 1054 brevi
426 990 566 1069 suturae,
576 1009 653 1054 esse
668 988 877 1073 parcendum
891 1008 901 1069 3
924 988 1011 1052 adeo
1025 1007 1102 1052 sese

150 1110 212 1172 per
234 1088 308 1154 dies
330 1089 526 1172 quindecim
549 1091 732 1155 continuos
755 1090 872 1173 quiete
900 1090 1039 1170 agebat,
1062 1095 1103 1152 ut

150 1189 236 1253 nihil
251 1189 366 1253 minus
384 1208 487 1271 qnam
504 1190 632 1254 bollum
650 1189 805 1273 cogitare
817 1189 1001 1254 videretur.

152 1362 294 1442 Qualiter
307 1384 362 1428 roc
376 1362 552 1441 Heroides,
566 1361 675 1427 audito
690 1361 840 1427 Willclmc'
855 1361 944 1427 dnus
958 1361 1105 1439 mento,

356 1472 465 1528 eontra
479 1485 547 1528 eum
559 1462 605 1526 cd
611 1461 762 1548 pralium
778 1463 904 1527 reond.

205 1580 402 1652 Haroldus³
416 1589 548 1652 interea
567 1585 610 1651 de
625 1606 744 1670 pugna
759 1585 968 1650 Noricorum
989 1604 1105 1650 rever·
1116 1609 1268 1651 sinouse„

154 1707 226 1766 sus,
249 1708 326 1752 cum
350 1687 536 1752 adventum
553 1685 722 1751 Willolmi
744 1686 978 1769 cognovisset,
1001 1662 1229 1762 raris-ii'ffl.

154 1788 242 1852 simo
265 1789 415 1871 stipatus
439 1787 549 1851 milite
572 1786 767 1868 Hostingas
790 1784 987 1868 pertendit3
1013 1804 1105 1864 nem,

154 1895 281 1971 praeter
306 1888 550 1971 stipendiarios
578 1887 707 1951 milites
731 1893 766 1950 et
793 1885 1034 1961 conductitios,
1059 1904 1104 1948 ex

154 1988 424 2071 provincialibus
445 1987 629 2051 admodum
653 1986 802 2050 habebat
822 2003 965 2069 paucos,
981 1990 1021 2048 nt
1034 1983 1105 2048 levi

155 2088 296 2168 negotio
319 2087 411 2151 bello
434 2093 578 2171 possent
604 2105 625 2151 a
651 2085 973 2169 supervenientibus
1000 2102 1105 2166 supe·

155 2187 236 2251 rari.
289 2185 465 2252 Praemisit
495 2195 612 2251 tamen
646 2186 787 2250 nuntios
819 2182 1011 2262 Heroldus,
1045 2183 1105 2266 qui

155 2287 248 2351 vires
268 2286 420 2350 hostium
443 2293 479 2350 et
500 2304 679 2350 nnmerum
699 2285 924 2362 aestimarent,
947 2302 1034 2367 quos
1055 2284 1106 2347 in·

156 2392 210 2449 ter
237 2394 354 2451 castra
379 2386 451 2450 dux
474 2384 672 2450 Willclmns
699 2383 932 2467 deprehensos
958 2384 1105 2447 circnm-

155 2483 247 2563 duci,
261 2493 301 2550 ut
317 2487 408 2550 acies
423 2484 591 2562 viderent,
608 2491 644 2548 et
667 2484 773 2565 largis
789 2482 1106 2568 dapibusrefcctos

155 2586 344 2649 incolumes
357 2585 497 2650 domino
509 2584 656 2668 jubebat
672 2584 813 2647 remitti.
865 2581 1106 2647 Redeuntibus

156 2684 366 2749 autemillis
392 2690 637 2767 percunctatur
663 2681 855 2758 Horoldns,
881 2681 962 2764 quid
991 2700 1106 2745 rerum

155 2790 354 2864 reportent;
379 2781 495 2858 atilli,
512 2780 730 2863 magnificam
746 2780 844 2845 ducis
863 2779 1106 2846 confidentium

155 2881 318 2946 distincto
342 2881 526 2964 prosecuti,
549 2881 640 2945 serio
666 2879 896 2959 affirmabunt,
918 2899 1037 2946 omnes
1063 2880 1107 2945 de

158 2982 313 3045 exercitu
336 2980 396 3044 illo
418 2982 638 3064 presbyteros
660 2979 782 3058 videri,
804 3000 846 3046 eo
868 2980 960 3064 quod
983 2981 1106 3046 sociem

158 3089 269 3146 totam
290 3100 369 3144 cum
391 3087 539 3163 utroque
561 3080 653 3144 labio
670 3099 785 3146 rasam
804 3081 984 3158 haberent,
1001 3099 1105 3164 quum

158 3179 267 3263 Angli
282 3180 565 3245 consuetudinem
581 3200 651 3244 non
666 3180 851 3245 habebant.
904 3180 986 3245 Rex
1001 3181 1105 3245 latui*

157 3287 264 3345 tatem
286 3280 507 3345 referentium
528 3279 674 3345 irridens
696 3280 906 3358 nuntiorum,
924 3280 1015 3345 dixit
1036 3300 1106 3345 non

157 3400 232 3445 csse
260 3381 493 3465 presbyteros,
519 3378 581 3443 sed
607 3381 734 3446 milites
761 3381 886 3445 animis
912 3380 1048 3446 validos
1070 3389 1106 3446 ct

191 3659 200 3692 ¹
212 3663 284 3726 Dux,
295 3664 398 3729 inquit]
410 3665 516 3728 ίΤειιιιε,
528 3665 621 3727 inquit,
644 3666 686 3715 the
701 3667 752 3716 late
770 3668 821 3718 Mr.
833 3668 946 3732 Hcyley,
962 3669 992 3720 ol
1006 3671 1109 3735 Bright·

158 3732 287 3795 Anglinm,
313 3749 406 3795 comes,
429 3750 474 3784 rex
498 3735 621 3786 iuturus!
645 3737 707 3799 ling,
725 3738 752 3785 in
769 3738 866 3790 Introd.
877 3745 902 3788 to
919 3739 1105 3805 Domesdcy,i.

157 3802 278 3853 Mulmsb.
313 3804 424 3853 william
441 3805 471 3854 oi
485 3805 579 3855 Poitou
597 3807 620 3854 is
645 3822 670 3867 p.
683 3810 739 3856 ³15.

157 3873 232 3920 silent
247 3873 390 3935 respecting
406 3874 456 3924 this
478 3876 619 3937 anecdote5
681 3873 830 3926 ⁸Hcroldur
848 3876 940 3926 interea
958 3880 988 3927 de
1000 3879 1106 3942 pem]

158 3957 200 3991 see
212 3941 318 4004 Sharpe,
329 3958 355 4004 p.
368 3946 424 3993 ³1⁵.
644 3945 698 3995 Tne
721 3952 841 3996 accounts
862 3946 891 3996 oi
909 3947 951 3996 the
973 3949 1060 3998 march
1081 3947 1110 3997 ol

194 4010 237 4061 ’A
248 4014 334 4074 proedc
343 4013 474 4077 cohibuit]
491 4014 567 4075 Upon
578 4013 620 4063 the
646 4015 755 4075 Hnrold,
765 4016 829 4064 with
835 4016 877 4065 the
888 4017 1111 4079 expostulationof

158 4081 328 4131 devastatione
345 4081 374 4131 oi
393 4083 436 4131 the
455 4079 621 4145 conqueror's
645 4085 740 4149 Gurth,
755 4085 798 4134 the
813 4101 928 4148 messapo
946 4087 975 4136 oi
987 4087 1108 4149 william,

158 4167 228 4213 army
238 4153 264 4200 in
274 4152 369 4201 Sussex
376 4167 444 4214 upon
455 4153 488 4202 its
495 4154 549 4203 first
559 4155 620 4203 orri-
646 4155 695 4204 end
704 4156 747 4206 tho
755 4156 834 4205 battle
842 4156 872 4205 ol
880 4156 1016 4220 Hestings,
1024 4171 1066 4205 ure
1073 4156 1108 4205 nll

158 4222 210 4285 val,
220 4237 262 4271 sce
272 4237 287 4271 n
299 4237 358 4284 very
367 4223 515 4287 interesting
522 4229 580 4274 note
585 4225 619 4286 by
646 4225 1109 4287 ulentromwilliamomnlmsbury.
