2888 4852
418 437 556 487 neonus
580 438 848 487 rusronmnuu.
1041 422 1106 495 401

315 654 480 717 Mirocuha
495 655 531 719 de
545 664 648 720 sancto
664 656 775 741 Elfcpo
789 656 936 740 episcopo.

202 788 308 858 Anno
331 795 471 859 Domini
497 814 725 861 mccccxnvn.
749 805 830 880 post
857 803 1015 859 sanctum
1042 795 1102 858 El·
1117 835 1225 876 m„

152 890 281 972 legum,
308 893 583 959 wintoniensem
617 897 811 979 praesulem,
843 889 990 959 ¹Elssius
1023 887 1240 988 suc-§pssgssfgtl'

153 992 268 1056 cessit.
319 987 393 1058 ²De
417 995 520 1060 beato
544 1016 681 1079 quoque
697 997 821 1078 Elsego
846 995 985 1077 legitur,
1008 996 1100 1076 quod
1114 987 1252 1028 mmm

153 1089 189 1152 in
205 1090 260 1155 die
275 1091 450 1171 Cinerum,
462 1115 539 1159 cum
558 1096 600 1160 de
615 1116 710 1161 more
721 1097 929 1178 poenitentes
946 1094 1100 1159 ecclesiae

153 1188 327 1268 liminibus
344 1203 547 1272 removeret,
562 1195 721 1259 hortatus
737 1205 790 1260 est
803 1215 874 1272 eos,
892 1204 931 1259 ut
948 1203 1100 1276 tempore

154 1291 457 1374 quadragesimali,
467 1294 601 1379 jejunio
617 1304 651 1359 et
669 1296 823 1359 castitati
838 1303 1015 1371 vacantes
1027 1293 1100 1358 die·

154 1389 219 1451 bus
234 1390 302 1454 illis
319 1412 467 1457 uxorum
487 1395 591 1458 etiam
607 1394 738 1458 deliciis
755 1395 989 1472 abstinerent3
1013 1413 1100 1476 quo-

154 1508 229 1551 rum
242 1510 342 1568 unuS,
358 1494 493 1557 caeteris
510 1495 663 1576 episcopi
673 1494 888 1577 jussionibus
906 1501 1102 1557 reverenter

153 1589 482 1672 obtemperantibus,
500 1593 650 1676 joculari
672 1591 790 1675 coepit,
814 1593 943 1668 dicens,
960 1611 998 1656 se
1021 1593 1100 1655 abs·

155 1687 264 1752 tinere
302 1711 371 1755 non
400 1711 501 1775 posse
530 1711 552 1755 a
576 1712 713 1768 venere,
744 1711 766 1755 a
794 1692 872 1756 cibo
905 1692 1035 1774 pariter
1066 1698 1102 1756 et

156 1787 330 1871 conjugia,
359 1793 414 1855 cui
441 1791 634 1874 episcopus
659 1791 877 1857 ‘contristas
913 1811 967 1854 me
998 1791 1118 1855 miser-

155 1887 295 1969 oppido,
319 1891 475 1955 nesciens
499 1892 582 1973 quid
605 1892 668 1955 tibi
694 1892 808 1974 pariat
830 1892 903 1956 dies
919 1898 1067 1955 ventura
1080 1891 1102 1970 3'

156 1996 191 2050 et
222 1988 272 2052 sic
300 1989 402 2054 homo
435 1991 494 2056 ille
523 1991 698 2069 recedens,
722 1991 843 2055 duram
875 1991 966 2055 beati
989 1990 1103 2072 Elsegi

155 2087 372 2171 prophetiam
392 2092 517 2155 nebulo
543 2093 732 2173 experitur,
753 2090 834 2155 dum
862 2099 1002 2173 postera
1026 2089 1103 2154 luce

154 2186 191 2249 in
209 2189 366 2253 cubiculo
380 2190 427 2253 sit
438 2198 594 2273 repertus
609 2191 789 2268 exanimis
800 2191 970 2254 incertum
987 2196 1103 2254 utrum

157 2305 179 2349 a
193 2286 331 2352 diabolo
347 2289 547 2354 suffocatus.
591 2288 674 2354 Alio
691 2309 828 2374 quoque
843 2297 1008 2373 tempore,
1021 2290 1103 2353 dum

156 2405 275 2452 sacros
290 2388 427 2453 ordines
449 2390 668 2467 celebrasset,
684 2397 754 2453 tres
771 2390 958 2455 monachos
981 2389 1025 2453 ad
1050 2410 1105 2453 or-

158 2486 271 2551 dinem
289 2491 548 2574 presbyteratus
563 2490 757 2572 promovit;
784 2489 963 2571 completis
986 2490 1105 2571 itaque

157 2587 347 2666 ordinibus,
369 2590 498 2672 praesul
514 2597 645 2654 sanctae
663 2588 912 2653 recordationis
936 2588 1106 2653 adstanti·

158 2685 222 2749 hus
252 2687 353 2765 dixit,
378 2688 517 2752 ‘Hodie
547 2689 657 2752 tribus
688 2689 865 2752 monachis
895 2706 1019 2751 manus
1042 2688 1106 2751 im·

158 2785 272 2866 posui,
299 2806 443 2869 quorum
468 2789 536 2852 duo
562 2786 771 2870 pontificalis
803 2786 933 2850 ordinis
958 2787 1107 2869 gratiam

158 2885 374 2964 obtinebunt,
390 2907 478 2951 unus
502 2888 539 2950 in
558 2887 700 2950 civitate
715 2886 907 2968 Wigorniae
929 2905 970 2949 ac
984 2884 1108 2950 deinde

159 2983 195 3045 in
211 2981 350 3062 Cantia,
366 2994 400 3050 et
414 2986 503 3051 alter
517 3006 628 3050 meam
644 2985 760 3050 sedem
776 2985 984 3069 quandoque
998 2985 1107 3048 adim-

159 3082 287 3164 plebit;
313 3087 448 3163 tertius,
472 3087 692 3170 voluptatum
714 3083 908 3168 petulantia
930 3104 1107 3159 accensuS,

159 3183 292 3247 exitum
332 3186 559 3250 miserabilem
598 3185 806 3264 sortietur3’
847 3203 951 3267 quam
987 3185 1108 3266 utique

160 3285 273 3346 sancti
297 3285 455 3367 praesulis
481 3286 711 3368 prophetiam,
741 3293 781 3349 ut
806 3284 1029 3366 praedixerat,
1054 3302 1108 3347 re·

160 3401 236 3445 rum
272 3384 386 3447 exitus
422 3384 671 3467 comprobavit.
725 3385 856 3449 Eodem
896 3402 986 3447 anno
1024 3403 1109 3465 gens
1214 3447 1218 3453 .

162 3482 558 3561 Northanhumbrorum,
583 3483 741 3548 Eadredo
767 3484 841 3565 regi
864 3482 966 3546 fidem
988 3482 1110 3545 intrin-

199 3727 206 3757 ¹
218 3730 334 3793 sessim]
351 3745 380 3780 or
392 3730 516 3792 Ellainus,
532 3743 562 3779 or
580 3728 623 3778 El·
650 3730 768 3779 Duirstan
778 3730 814 3791 by
820 3728 920 3778 Osbern
931 3727 981 3777 and
994 3726 1112 3788 Eadmer,

162 3801 251 3850 tesius.
287 3800 624 3862 Heissaidtohavegain·
650 3800 728 3862 angl.
740 3800 810 3850 Sacr.
821 3799 849 3868 ii.
861 3813 905 3861 pp.
918 3801 975 3857 1⁰9,
986 3800 1043 3846 214.

163 3872 196 3920 ed
211 3870 254 3919 the
271 3884 313 3918 see
331 3868 359 3917 ol
368 3870 525 3930 Canterbury
537 3869 569 3930 by
582 3868 625 3919 the

163 3942 286 3990 intluence
308 3939 348 3988 his
373 3938 455 3988 riches
477 3953 540 4001 gave
563 3939 625 3997 him,
685 3934 1047 4000 'Deheotoqaoqaefilsegol
1066 3935 1114 3983 See

164 4012 214 4060 and
226 4016 252 4059 to
262 4010 327 4058 have
338 4008 398 4057 died
415 4023 447 4057 on
463 4008 505 4056 the
517 4008 584 4070 Alps
600 4009 626 4056 in
652 4008 692 4057 his
703 4007 757 4069 lise,
767 4007 817 4056 and
828 4007 871 4055 the
887 4003 1007 4053 anecdota
1019 4003 1115 4052 follow·

162 4081 203 4129 his
218 4082 327 4142 journay
346 4084 372 4127 to
391 4078 470 4126 Rome
485 4082 510 4127 to
529 4078 627 4127 receive
652 4079 696 4140 ing
715 4077 865 4138 concaming
882 4074 944 4135 him,
961 4073 988 4121 in
1000 4074 1058 4122 Act.
1070 4073 1115 4123 SS.

163 4151 205 4200 the
222 4149 283 4211 pall.
319 4147 443 4210 Compare
464 4147 584 4197 Malmsb.
595 4147 628 4195 de
653 4147 718 4198 Ord.
733 4146 865 4196 Benedici.
877 4143 1011 4204 Mabillon,
1027 4156 1079 4191 sec.
1091 4157 1115 4190 ν.

164 4220 238 4271 Gest.
251 4218 345 4268 Pontis.
357 4232 384 4280 p.
397 4221 455 4281 2⁰1,
466 4217 528 4267 with
547 4217 591 4268 life
602 4216 631 4267 ol
655 4233 681 4279 p.
692 4220 752 4278 288,
761 4231 810 4281 req.

217 4334 291 4381 voa
319 4333 341 4380 1.
898 4313 966 4375 21)
