2888 4852
317 401 384 464 442
578 417 712 465 noonnr
737 417 784 465 nn
806 418 1015 509 wunnerus

319 595 436 640 eorum
448 574 504 639 vel
515 575 750 640 calceamenta
767 597 836 642 non
850 582 933 641 sunt
945 577 1079 653 attrita,
1097 575 1278 659 sedquasi

319 675 484 741 vecordes
495 674 629 758 jugiter
644 683 885 754 cantaverunt,
902 676 999 759 prius
1020 675 1065 740 ad
1082 695 1209 758 genua,
1227 695 1275 739 ac

320 775 457 840 demum
481 793 591 857 usque
615 775 659 839 ad
680 776 822 854 femora,
838 777 875 839 in
900 782 1028 840 terram
1051 776 1189 840 dimersi
1213 774 1276 838 fu·

319 882 445 953 erunt;
478 874 610 938 fabrica
642 876 743 958 quasi
775 875 859 940 tecti
892 875 1055 940 domicilii
1081 874 1277 958 aliquando

320 974 528 1056 erigebatur,
555 981 642 1038 nutu
667 975 747 1051 Dei,
771 994 876 1058 super
898 994 958 1039 eos
983 982 1024 1039 ut
1042 974 1188 1057 ‘pluvias
1211 993 1276 1037 ar-

320 1080 423 1138 ceret.
456 1072 623 1151 Tandem,
637 1075 777 1139 evoluto
793 1094 896 1152 anno,
911 1068 1153 1151 ¹Herebertus,
1163 1072 1275 1138 Colo-

321 1172 449 1235 niensis
465 1171 756 1256 archiepiscopus,
772 1192 795 1236 a
809 1174 912 1250 nodo,
926 1193 997 1256 quo
1009 1192 1133 1237 manus
1149 1192 1275 1237 eorum

320 1271 531 1353 ligabantur,
543 1290 602 1335 eos
618 1273 768 1337 absolvit
783 1281 819 1337 et
832 1280 913 1337 ante
924 1273 1035 1337 altare
1049 1273 1161 1336 sancti
1177 1291 1277 1336 mar-

323 1372 409 1453 tyris
427 1369 551 1452 Magni
566 1372 814 1436 reconciliavit.
868 1371 959 1436 Filia
975 1372 1179 1455 presbyteri,
1191 1391 1275 1435 curn

322 1471 400 1534 aliis
417 1469 563 1547 duobus,
579 1471 742 1535 continuo
765 1471 924 1552 spiritum
944 1471 1134 1548 exhalavit,
1151 1470 1276 1534 caeteri

322 1570 432 1635 tribus
450 1569 571 1633 diebus
587 1577 622 1634 et
638 1570 796 1634 noctibus
811 1570 1035 1648 dormierunt,
1053 1570 1161 1652 aliqui
1173 1577 1276 1653 post·

224 1745 229 1750 ,
322 1688 365 1734 ea
379 1670 537 1734 obierunt
552 1678 588 1734 et
602 1670 779 1734 miraculis
800 1669 1010 1748 claruerunt,
1026 1669 1166 1754 quidam
1186 1690 1275 1734 vero

322 1788 462 1852 poenam
478 1786 589 1846 suam,
605 1771 833 1833 membrorum
856 1789 996 1834 suorum
1012 1777 1172 1846 tremore,
1189 1789 1276 1851 pro-

322 1868 495 1932 diderunt.
533 1868 669 1950 Legunt
682 1868 748 1933 hoc
765 1870 828 1947 illi,
844 1870 904 1951 qui
918 1888 981 1951 per
993 1876 1113 1934 votum
1128 1867 1171 1931 ad
1188 1869 1276 1932 obe·

321 1967 485 2031 dientiam
511 1974 594 2031 sunt
618 1969 780 2045 connexi,
797 1974 837 2031 ut
858 1977 1027 2050 quantum
1049 1969 1095 2033 sit
1117 1968 1276 2032 inobedi-

320 2069 424 2132 entiae
441 2067 654 2151 [peccatum]
669 2074 892 2150 cognoscant.

497 2239 578 2303 Itera
593 2236 686 2303 aliud
698 2236 867 2322 cuempiam
881 2232 1097 2300 imdediadiae.
1147 2227 1148 2230 ¹

248 2410 253 2422 .
374 2355 584 2444 Imperator¹
598 2360 1079 2442 Henricus,Dominicu,quae
1089 2358 1276 2442 Quinqua-

322 2461 459 2542 gesima‘
474 2461 613 2538 dicitur,
628 2468 790 2524 venatum
812 2479 971 2542 pergens,
987 2459 1031 2522 ad
1054 2478 1150 2523 oram
1172 2459 1274 2524 silvae

323 2561 502 2645 cujusdam
529 2560 636 2638 solus,
660 2560 824 2642 dispersis
846 2559 960 2636 sociis,
983 2558 1141 2638 devenit;
1165 2559 1275 2642 juxta

322 2680 427 2743 quam
459 2661 583 2724 silvam
609 2660 789 2724 ecclesiam
820 2658 1084 2740 contemplatus,
1115 2677 1157 2721 eo
1190 2678 1274 2723 con-

323 2761 444 2838 tendit,
459 2761 670 2842 militemque
688 2779 726 2823 se
740 2778 816 2822 esse
838 2758 1019 2835 mentiens,
1035 2759 1175 2820 missam
1191 2759 1275 2821 sim.

323 2860 459 2942 pliciter
474 2879 496 2923 a
511 2860 713 2942 presbytero
728 2857 874 2940 rogavit
926 2856 1014 2920 Erat
1035 2864 1151 2921 autem
1174 2877 1274 2940 pres-

323 2961 424 3042 byter
445 2960 503 3023 ille
524 2959 713 3042 praeclarus
735 2957 913 3039 religione,
930 2956 990 3019 sed
1007 2956 1094 3019 adeo
1110 2956 1274 3022 deformis
1331 2991 1337 3002 ·

211 3105 213 3109 ,
323 3078 479 3142 corpore,
503 3065 544 3122 ut
566 3066 758 3123 monstrum
786 3057 1028 3139 potiusquam
1054 3055 1155 3118 homo
1178 3057 1276 3120 vide-

324 3168 440 3238 retur3
471 3178 573 3240 quem
599 3178 675 3221 cum
706 3158 894 3239 imperator
922 3155 1105 3236 diligenter
1129 3155 1275 3237 inspex-

323 3259 419 3334 isset,
442 3259 549 3340 coepit
566 3257 785 3321 vehementer
807 3254 968 3318 admirari
985 3274 1093 3335 quare
1116 3255 1226 3331 DeuS,
1251 3275 1274 3320 a

324 3377 393 3439 quo
409 3358 561 3420 formosa
583 3364 708 3420 cuncta
733 3355 935 3437 procedunt,
952 3353 1081 3417 sineret
1103 3354 1274 3419 conficere

324 3475 388 3519 sua
416 3462 633 3519 sacramenta
659 3455 829 3520 homiuem
864 3462 935 3517 tam
961 3453 1175 3532 deformem3
1209 3455 1272 3517 sed

324 3574 406 3618 mox
427 3574 517 3630 cum,
536 3556 642 3618 missa
666 3554 839 3630 inchoata,
855 3553 1038 3618 adversum
1059 3552 1157 3624 illum
1180 3558 1274 3617 trac-

324 3661 381 3718 tus
403 3662 606 3735 perventum
623 3655 757 3730 suisset,
773 3653 864 3734 quod
889 3673 911 3715 a
927 3671 1034 3734 puero
1054 3653 1275 3730 cantabatur,

324 3753 477 3817 ‘Scitote
494 3754 656 3834 quoniam
674 3753 845 3817 Dominus
862 3753 936 3834 ipse
952 3758 1006 3814 est
1021 3751 1141 3828 Deus,'
1157 3769 1274 3815 sacer·

360 3993 538 4055 ¹Herebertus,
551 3993 721 4057 commacla]
743 3993 785 4043 He
846 3991 1004 4058 ’impostor
1028 3994 1184 4056 isenricus]
1218 3995 1275 4045 The

323 4066 384 4114 died
396 4067 421 4114 iu
435 4064 564 4127 1021,and
574 4077 628 4112 was
639 4064 783 4113 canonized.
810 4066 902 4127 legend
926 4064 1056 4126 following
1084 4065 1106 4114 is
1133 4065 1187 4114 also
1209 4065 1274 4114 from

326 4136 377 4184 llis
387 4135 431 4183 lite
443 4136 466 4183 is
476 4134 575 4197 printed
584 4135 610 4183 in
622 4133 664 4182 the
672 4135 730 4185 Act.
739 4135 784 4183 SS.
811 4135 980 4196 lllalmsbury,
991 4131 1004 4200 §
1017 4138 1073 4185 1⁷5.

327 4205 427 4268 March,
438 4206 466 4255 ii.
475 4221 501 4267 p.
513 4208 572 4255 464.
