2888 4852
353 401 420 467 368
608 417 742 466 nonunt
767 418 814 464 nn
837 416 1044 465 wannovnn

353 578 598 642 monasterium
637 579 809 659 virginum
848 578 944 642 Deo⁴
971 579 1174 642 devotarum
1220 596 1308 640 con-

353 679 495 754 struxit,
520 697 667 760 quarum
698 678 788 741 idem
820 676 1057 741 Ethelwaldus
1088 696 1191 740 unam
1217 677 1305 739 ahu-

352 777 426 840 sive
461 779 611 860 rapiens,
643 796 719 840 eam
753 777 819 840 sibi
855 777 1073 840 matrimonio
1112 776 1303 858 copulavit.

352 876 452 939 Tunc
483 897 545 940 rex
576 876 802 951 Eadwardns,
834 877 974 958 cognita
1000 877 1148 939 veritate
1178 875 1220 938 de
1247 881 1301 937 te·

288 1047 294 1058 ,
352 976 511 1040 meritate
548 975 767 1052 Ethelwaldi,
802 976 991 1039 exercitum
1022 976 1197 1055 ingentem
1228 973 1302 1037 col·

351 1073 436 1156 legit
462 1082 497 1138 ct
519 1075 660 1139 veniens
688 1075 780 1156 apud
808 1074 1028 1150 Bathoniam,
1056 1093 1125 1137 non
1152 1073 1256 1154 longe
1278 1091 1301 1135 a

350 1171 546 1237 Winhurna
571 1181 835 1238 castrametatus
861 1181 938 1253 est3
961 1173 1053 1256 quod
1076 1193 1154 1236 cum
1178 1172 1299 1236 Ethel-

350 1272 484 1336 waldus
509 1273 741 1355 cognovisset,
765 1273 807 1337 de
832 1280 933 1337 nocte
956 1272 1074 1355 fugam
1096 1273 1185 1349 iniit,
1205 1272 1299 1335 Nor·

350 1371 627 1436 thanhumhriam
664 1373 777 1454 petiit,
808 1372 997 1454 Danosque
1027 1373 1086 1453 qui
1114 1372 1162 1435 ibi
1192 1372 1299 1451 dege-

349 1472 433 1534 bant
469 1472 672 1554 suppliciter
701 1472 870 1554 exposcit,
898 1478 938 1534 ut
964 1490 1001 1534 se
1031 1471 1297 1534 commilitonem

348 1571 553 1652 recipientes
588 1590 693 1634 unum
723 1591 768 1633 ex
808 1591 872 1634 suo
909 1569 1055 1652 collegio
1093 1569 1137 1632 ad
1178 1589 1295 1650 regem

349 1670 579 1734 Eadwardum
602 1671 872 1753 expugnandum
895 1688 970 1734 esse
992 1670 1112 1745 velint,
1132 1671 1191 1751 qui
1213 1688 1295 1733 mox

348 1769 382 1831 in
410 1771 507 1851 regia
530 1770 699 1852 dignitate
730 1777 785 1834 est
816 1772 861 1834 ab
888 1770 1046 1833 omnibus
1073 1771 1295 1834 constitutus.

349 1868 429 1932 Rex
454 1889 536 1933 vero
564 1869 778 1933 Eadwardus
804 1870 846 1934 de
877 1870 952 1953 ejus
982 1869 1064 1951 fuga
1091 1878 1296 1944 commotus,

348 1970 408 2031 uhi
430 1970 594 2051 cognovit
616 1989 653 2033 se
676 1970 789 2051 ipsum
814 1977 894 2033 tunc
917 1968 1203 2052 comprehendere
1225 1988 1295 2031 non

348 2087 461 2148 posse,
479 2068 774 2133 sanctimonialem
797 2069 903 2144 illam,
921 2089 1025 2150 quam
1047 2076 1222 2151 rapuerat,
1235 2069 1296 2152 ju·

347 2165 406 2231 bet
423 2167 467 2230 ad
484 2188 585 2231 suum
601 2169 846 2232 monasterium
862 2167 990 2231 reduci.
1027 2161 1294 2245 ¹Ethelwaldus,

346 2273 470 2348 parato
493 2268 646 2348 navigio,
665 2266 904 2331 transfretavit
928 2266 972 2329 ad
996 2265 1144 2344 Gallias,
1167 2277 1206 2332 ut
1224 2268 1297 2332 for·

347 2365 427 2429 tiori
446 2366 580 2429 rediens
597 2366 705 2429 milite
721 2366 871 2448 stipatus
890 2386 1004 2447 regem
1022 2367 1241 2449 inquietaret.

508 2514 647 2596 Desidiae
661 2524 689 2578 et
695 2511 828 2597 filiolus
845 2513 925 2597 repis
939 2512 1130 2576 Eudzourdi.

399 2638 540 2703 Interea
562 2660 623 2703 rex
642 2640 726 2702 fines
749 2639 847 2720 regni
868 2637 922 2700 sui
947 2636 1053 2699 latius
1070 2657 1175 2719 quam
1197 2646 1296 2720 pater

347 2736 423 2821 ejus
439 2738 610 2816 dilatavit,
628 2739 787 2803 civitates
803 2745 838 2801 et
854 2736 981 2819 oppida
997 2737 1193 2814 aedificavit,
1208 2758 1296 2801 non·

347 2838 461 2902 nullas
483 2839 676 2902 destructas
694 2839 879 2919 reparavit.
933 2837 987 2899 Ex
1008 2830 1217 2900 ²concuhina
1234 2857 1296 2901 no·

348 2937 439 3002 mine
455 2938 638 3021 ngynna
651 2937 757 3000 filium
777 2957 876 3000 suum
894 2936 1160 3018 primogenitum
1178 2935 1296 3000 Ethel-

347 3044 485 3100 stanum
502 3038 654 3120 suscepit
670 3057 679 3115 ;
706 3055 752 3099 ex
768 3037 919 3099 secunda
934 3035 1053 3115 regina
1069 3054 1144 3112 sna,
1160 3036 1296 3099 nomine

348 3135 498 3213 Alfleda,
521 3136 659 3200 Elfelmi
683 3136 818 3199 comitis
839 3135 921 3211 filia,
948 3134 1034 3197 duos
1055 3133 1143 3196 filios
1158 3127 1298 3198 ³Ethe1-

384 3301 584 3368 ¹Ethelwulduu.]
592 3303 807 3353 Thesmchron.
833 3301 883 3351 had
895 3301 1027 3362 forgotten,
1038 3297 1135 3368 (called
1147 3302 1252 3352 Beatrix
1260 3304 1296 3366 hy

347 3373 409 3421 does
421 3378 464 3422 not
474 3375 583 3423 mention
594 3374 635 3422 the
650 3374 709 3421 time
727 3373 756 3420 of
769 3373 809 3420 his
832 3371 874 3420 the
886 3371 976 3419 Scotch
985 3367 1142 3437 historiens,)
1152 3374 1259 3422 married
1269 3380 1296 3423 to

348 3444 420 3504 ssight
440 3443 493 3490 into
516 3443 620 3504 France,
641 3444 688 3491 bnt
709 3443 735 3489 ln
760 3446 808 3490 904
833 3441 924 3489 Sihtric
936 3440 999 3502 king
1013 3440 1042 3488 oi
1057 3440 1296 3505 Northumberland,

347 3512 441 3572 speaks
452 3511 480 3560 of
488 3512 528 3560 his
539 3517 624 3561 return
635 3513 697 3561 from
709 3512 808 3572 beyond
833 3511 891 3559 who
908 3511 930 3559 is
951 3511 978 3558 in
998 3510 1040 3558 the
1061 3515 1115 3558 text
1133 3515 1295 3575 erroneonsly

346 3596 399 3631 sea,
833 3580 889 3628 said
912 3585 937 3628 to
957 3581 1021 3629 have
1043 3580 1151 3628 married
1174 3582 1295 3647 Edgithu,

383 3648 394 3677 ²
406 3650 544 3698 Concutiat
554 3651 647 3700 nomine
659 3651 807 3713 ngynne.]
832 3650 957 3712 daughter
966 3650 996 3698 οἱ
1005 3651 1110 3698 llllledu.

348 3720 508 3779 Mnlmsbnry
529 3721 592 3769 calls
617 3721 661 3769 her
681 3721 808 3768 ‘illustris

347 3790 468 3849 ioeminu,’
490 3790 540 3837 and
567 3805 634 3838 more
659 3790 720 3838 than
746 3805 808 3838 once
868 3786 1071 3837 'Ethelwurdum
1088 3793 1112 3837 et
1127 3790 1294 3856 lindoinum]

347 3860 447 3920 implies
465 3859 505 3906 his
523 3859 644 3908 dishelier'
657 3861 683 3907 in
698 3859 749 3907 this
765 3874 807 3908 ac·
832 3859 886 3906 The
897 3859 988 3907 former
999 3858 1058 3906 died
1070 3859 1202 3908 atOxiord
1217 3877 1233 3908 a
1244 3861 1295 3911 few

347 3935 423 3978 count
434 3928 462 3977 of
471 3928 513 3976 the
526 3931 591 3978 stain
598 3944 630 3977 on
638 3925 808 3978 Aethelstan'e
834 3929 897 3989 days
909 3928 974 3976 aiter
984 3928 1024 3975 his
1036 3928 1112 3990 birth,
1123 3929 1172 3977 and
1184 3945 1238 3979 was
1250 3933 1297 3981 bu·

346 4000 422 4049 birth.
457 3998 511 4046 The
523 4005 592 4059 story
603 3999 631 4047 of
643 4000 768 4060 nginna
785 4000 808 4047 is
833 4000 887 4046 ried
898 4003 925 4045 ut
934 3999 964 4044 W
966 3998 1105 4054 incheeter;
1123 4000 1231 4049 Eadwin
1240 4017 1294 4051 was

345 4071 398 4118 told
421 4074 448 4117 at
471 4069 558 4130 length
582 4070 616 4130 hy
639 4069 808 4129 hlalnrsbury,
833 4067 951 4116 drowned
965 4072 991 4114 at
1002 4082 1046 4115 seu
1057 4068 1082 4115 in
1093 4071 1296 4128 9³³‚asSime0n

346 4136 422 4203 §13st
439 4139 501 4187 This
513 4154 581 4188 earne
591 4140 807 4188 writermentions
833 4139 906 4198 adds,
914 4137 946 4198 hy
958 4138 1000 4184 the
1013 4138 1142 4185 command
1154 4138 1183 4187 of
1192 4142 1296 4189 Aethel-

345 4210 400 4257 also
412 4224 427 4257 u
437 4208 572 4271 daughter,
584 4210 669 4257 whose
685 4223 757 4257 name
775 4209 806 4256 he
832 4214 904 4267 stan;
921 4222 1038 4267 compare
1052 4206 1264 4273 Melmsb.§1au.
