2888 4852
399 427 538 477 uacans
562 427 831 476 srsroarancu.
1044 410 1088 473 43

133 599 240 644 onum
255 581 291 645 iu
309 582 449 663 cantia,
464 604 487 650 a
501 605 571 668 quo
586 604 686 667 reges
702 583 840 649 Cantiae
855 603 965 667 usque
985 583 1086 649 bodie

132 678 377 766 ‘Aeskynges’
394 693 576 750 vocantur.
627 684 783 749 Dederat
800 703 949 766 namque
963 684 1084 749 Vorti-

132 798 263 860 gemus
278 783 493 864 provinciam
512 785 608 850 illam
626 784 802 867 Heugisto
827 804 890 866 pro
913 784 986 848 filia
1007 803 1083 863 sua,
1131 808 1136 815 ·

133 887 174 943 ut
193 873 371 964 ¹superius
386 884 532 949 relatum
548 892 614 962 est,
628 892 664 949 et
678 885 728 949 sic
747 903 824 948 eam
845 884 946 948 anuis
962 884 1085 966 viginti

131 988 297 1061 quatuor,
314 984 415 1066 quasi
425 983 506 1069 jure
521 983 753 1062 haereditario,
767 983 979 1067 possidebat.

300 1153 344 1220 Ut
360 1154 436 1220 Oete
449 1156 694 1222 mieencordiam
708 1157 929 1243 impetraverit.

183 1275 290 1343 Anno
305 1279 429 1361 gratita
446 1296 598 1346 ccccxc
616 1279 781 1345 Aurelius
792 1278 999 1344 Ambrosius
1021 1299 1082 1344 ex·
1096 1296 1238 1391 qima

133 1378 280 1441 ercitum
307 1397 409 1442 suum
437 1379 540 1445 duxit
573 1380 618 1444 ad
652 1381 860 1457 Eboracum,
888 1387 928 1445 ut
958 1379 1083 1444 Oetam
1096 1401 1190 1490 aulen

134 1476 243 1540 filium
259 1475 427 1561 Hengisti
444 1488 674 1562 expugnaret.
726 1479 883 1562 Cumque
905 1449 1139 1544 civitatem&

134 1576 340 1656 obsedisset,
362 1579 535 1644 dubitavit
556 1579 646 1645 Oeta
669 1580 786 1644 urbem
809 1586 931 1644 contra
949 1587 1082 1643 tantam

134 1676 392 1742 multitudinem
417 1679 586 1759 retinere3
611 1680 865 1745 communicato
887 1679 1006 1760 itaque
1028 1699 1085 1744 sa·

133 1775 225 1840 lubri
254 1776 413 1856 consilio,
441 1797 603 1861 messus
633 1787 688 1843 est
716 1799 794 1843 cum
829 1777 1001 1842 nobilibus
1023 1780 1083 1860 qui

134 1895 252 1940 seeum
278 1885 391 1956 eraut,
407 1885 444 1942 et
468 1897 545 1942 sese
565 1897 716 1961 suosque
737 1878 812 1960 regi
831 1879 867 1941 in
888 1877 963 1941 baec
977 1878 1085 1942 verba

136 1977 376 2057 praesentavit,
390 1977 510 2042 ‘Victi
527 1986 609 2043 suut
623 1977 670 2041 dii
687 1978 767 2055 mei,
787 1978 970 2060 Deumque
985 1984 1082 2042 tuum

137 2094 284 2157 regnare
304 2095 375 2141 nou
396 2076 532 2155 haesito,
547 2078 607 2160 qui
623 2084 676 2142 tot
692 2077 825 2143 nobiles
847 2077 892 2141 ad
914 2085 950 2140 te
966 2078 1083 2141 venire

135 2175 325 2258 compellit.
374 2175 507 2260 Accipe
529 2196 614 2259 ergo
639 2196 716 2256 nos,
741 2185 776 2241 et
798 2177 866 2240 uisi
890 2177 1083 2241 misericor·

134 2272 228 2338 diam
242 2274 481 2353 adhibueritis,
495 2276 541 2341 ad
556 2276 785 2360 quodcunque
797 2275 1003 2358 supplicium
1021 2295 1083 2340 vo·

134 2372 287 2439 luntarie
313 2375 479 2458 pantos’
530 2375 651 2441 Motus
680 2377 788 2459 igitur
813 2377 943 2458 pietate
973 2373 1085 2439 Aure·

135 2472 216 2553 lius,
242 2482 375 2540 uteret
400 2475 493 2557 pius,
513 2475 782 2541 misericordiam
803 2475 925 2540 habuit
951 2475 995 2539 de
1019 2476 1082 2538 eis.

137 2572 309 2656 Exemplo
330 2574 436 2639 etiam
461 2574 560 2640 Octae
574 2576 670 2641 veuit
690 2576 795 2654 Eosa,
820 2575 1005 2657 caeterique
1023 2573 1083 2657 qui
1095 2594 1245 2685 poenum-

135 2672 693 2756 diffugerant,etm1serrcord1am
713 2676 965 2758 impetrarunt3
988 2673 1084 2738 dedit

136 2792 222 2856 ergo
238 2773 288 2838 eis
302 2774 478 2856 regionem
492 2767 620 2856 'prope
641 2774 807 2853 Scotiam,
824 2783 860 2839 et
873 2774 987 2839 foedus
1004 2793 1083 2838 cum

136 2873 187 2936 eis
215 2873 446 2938 confirmavit.
497 2874 633 2938 Deinde
659 2875 813 2957 perrexit
840 2874 885 2939 ad
910 2880 1084 2938 monaste·

135 2973 225 3036 rium
240 2971 377 3050 Ambri‚
401 2992 509 3055 prope
531 2973 785 3052 Kaercaradee,
802 2992 880 3056 quae
901 2992 992 3036 nuuc
1018 2972 1082 3036 Sa·

136 3072 283 3136 reebiria
303 3072 440 3151 dicitur,
454 3071 515 3136 ubi
540 3072 713 3156 principes
733 3072 887 3138 defuncti
905 3073 1084 3157 jacebant,

135 3190 226 3253 quos
241 3170 440 3255 Hengistus
460 3172 670 3254 prodiderat,
684 3181 721 3237 et
741 3173 872 3255 pietate
892 3178 1084 3236 commotus

135 3271 172 3334 in
199 3270 397 3354 lachrymas
425 3271 597 3336 resolutus
633 3279 695 3337 est.
756 3272 961 3336 Deliberans
999 3291 1085 3353 ergo

135 3371 230 3451 apud
245 3389 297 3449 se,
319 3378 359 3435 ut
377 3371 503 3448 locum,
517 3391 587 3455 quo
602 3379 657 3437 tot
673 3372 806 3436 nobiles
817 3371 995 3455 jacebant,
1011 3390 1083 3434 me·

135 3470 336 3534 motabilem
359 3469 500 3549 faceret,
520 3471 630 3556 jussit
653 3470 841 3535 Merliuum
866 3479 980 3535 vatem
1005 3469 1083 3534 dili·

136 3577 261 3651 genter
283 3589 451 3652 quaerere,
470 3578 512 3635 ut
535 3570 681 3636 consilio
700 3571 821 3652 ipsius,
845 3590 922 3653 quae
946 3569 1081 3633 deside·

136 3671 250 3747 rabat,
267 3668 409 3752 implere
426 3671 610 3753 potuisset.
661 3671 713 3735 Ut
728 3670 899 3735 Merlinus
922 3669 967 3734 ad
989 3669 1082 3751 regis

136 3770 357 3850 praesentiam
392 3769 579 3853 perductus
616 3769 749 3848 suisset,
782 3770 945 3853 exposuit
976 3767 1009 3831 ei
1039 3768 1083 3832 de

136 3875 248 3932 morte
262 3869 428 3932 nobilium
445 3873 723 3947 memoratorum,
738 3869 910 3952 quomodo
925 3868 1084 3952 prodide-

136 3976 215 4032 rant
240 3986 301 4031 eos
325 3966 495 4049 Saxones,
518 3977 554 4034 et
575 3968 666 4052 quod
686 3969 797 4033 voluit
818 3969 931 4033 locum
953 3968 1084 4032 bonore

171 4151 600 4217 ¹cupertu.]coupmiup.t.
624 4155 688 4204 have
706 4156 768 4204 been
786 4154 931 4215 Galloway.
966 4154 1014 4202 See
1031 4152 1087 4201 llo·

170 4219 270 4287 ’Prope
282 4223 413 4288 Sation]
428 4225 562 4286 Snpposed
573 4229 600 4274 lo
623 4223 731 4287 liusbed,
742 4229 799 4286 part
809 4224 837 4274 ii.
849 4239 875 4285 p.
887 4228 928 4273 84.
