<?xml version="1.0" encoding="UTF-8"?>
<!DOCTYPE html PUBLIC "-//W3C//DTD XHTML 1.0 Transitional//EN"
    "http://www.w3.org/TR/xhtml1/DTD/xhtml1-transitional.dtd">
<html xmlns="http://www.w3.org/1999/xhtml" xml:lang="en" lang="en">
 <head>
  <title>
</title>
<meta http-equiv="Content-Type" content="text/html;charset=utf-8" />
  <meta name='ocr-system' content='tesseract 3.04.00' />
  <meta name='ocr-capabilities' content='ocr_page ocr_carea ocr_par ocr_line ocrx_word'/>
</head>
<body>
  <div class='ocr_page' id='page_1' title='image "./rogeridewendove04rogegoog_0323.png"; bbox 0 0 2888 4852; ppageno 0'>
   <div class='ocr_carea' id='block_1_1' title="bbox 319 381 1007 450">
    <p class='ocr_par' dir='ltr' id='par_1_1' title="bbox 319 381 1007 450">
     <span class='ocr_line' id='line_1_1' title="bbox 319 381 1007 450; baseline 0.001 -3"><span class='ocrx_word' id='word_1_1' title='bbox 319 381 385 447; x_wconf 79' lang='lat'><strong>280</strong></span> <span class='ocrx_word' id='word_1_2' title='bbox 572 401 706 449; x_wconf 83' lang='lat' dir='ltr'><strong>roonnr</strong></span> <span class='ocrx_word' id='word_1_3' title='bbox 731 403 777 448; x_wconf 85' lang='lat' dir='ltr'><strong>on</strong></span> <span class='ocrx_word' id='word_1_4' title='bbox 800 401 1007 450; x_wconf 83' lang='lat' dir='ltr'><strong>wnuoovna</strong></span> 
     </span>
    </p>
   </div>
   <div class='ocr_carea' id='block_1_2' title="bbox 320 555 1273 1334">
    <p class='ocr_par' dir='ltr' id='par_1_2' title="bbox 320 555 1273 1334">
     <span class='ocr_line' id='line_1_2' title="bbox 320 555 1271 639; baseline -0.002 -19"><span class='ocrx_word' id='word_1_5' title='bbox 320 556 441 639; x_wconf 82' lang='lat' dir='ltr'><strong>proelio</strong></span> <span class='ocrx_word' id='word_1_6' title='bbox 467 557 661 633; x_wconf 91' lang='lat' dir='ltr'><strong>commisso,</strong></span> <span class='ocrx_word' id='word_1_7' title='bbox 688 557 805 621; x_wconf 91' lang='lat' dir='ltr'><strong>multis</strong></span> <span class='ocrx_word' id='word_1_8' title='bbox 831 576 876 620; x_wconf 88' lang='lat' dir='ltr'><strong>ex</strong></span> <span class='ocrx_word' id='word_1_9' title='bbox 908 557 958 620; x_wconf 88' lang='lat' dir='ltr'><strong>eis</strong></span> <span class='ocrx_word' id='word_1_10' title='bbox 983 555 1136 619; x_wconf 90' lang='lat' dir='ltr'><strong>millibus</strong></span> <span class='ocrx_word' id='word_1_11' title='bbox 1162 556 1271 619; x_wconf 88' lang='lat' dir='ltr'><strong>inter-</strong></span> 
     </span>
     <span class='ocr_line' id='line_1_3' title="bbox 321 653 1273 738; baseline 0.001 -20"><span class='ocrx_word' id='word_1_12' title='bbox 321 653 432 733; x_wconf 86' lang='lat' dir='ltr'><strong>fectis,</strong></span> <span class='ocrx_word' id='word_1_13' title='bbox 449 657 596 738; x_wconf 84' lang='lat' dir='ltr'>turpiter</span> <span class='ocrx_word' id='word_1_14' title='bbox 619 656 713 719; x_wconf 87' lang='lat' dir='ltr'><strong>abire</strong></span> <span class='ocrx_word' id='word_1_15' title='bbox 730 657 868 736; x_wconf 81' lang='lat' dir='ltr'><strong>coegit3</strong></span> <span class='ocrx_word' id='word_1_16' title='bbox 891 655 1040 719; x_wconf 87' lang='lat' dir='ltr'><strong>sednon</strong></span> <span class='ocrx_word' id='word_1_17' title='bbox 1060 655 1169 718; x_wconf 89' lang='lat' dir='ltr'><strong>multo</strong></span> <span class='ocrx_word' id='word_1_18' title='bbox 1190 663 1273 738; x_wconf 86' lang='lat' dir='ltr'><strong>post</strong></span> 
     </span>
     <span class='ocr_line' id='line_1_4' title="bbox 321 754 1273 838; baseline -0.001 -19"><span class='ocrx_word' id='word_1_19' title='bbox 321 755 440 819; x_wconf 83' lang='lat' dir='ltr'><strong>eodem</strong></span> <span class='ocrx_word' id='word_1_20' title='bbox 463 774 566 833; x_wconf 91' lang='lat' dir='ltr'><strong>anno,</strong></span> <span class='ocrx_word' id='word_1_21' title='bbox 586 755 687 819; x_wconf 88' lang='lat' dir='ltr'><strong>iidem</strong></span> <span class='ocrx_word' id='word_1_22' title='bbox 708 756 838 838; x_wconf 84' lang='lat' dir='ltr'><strong>pagani</strong></span> <span class='ocrx_word' id='word_1_23' title='bbox 857 756 894 818; x_wconf 94' lang='lat' dir='ltr'><strong>in</strong></span> <span class='ocrx_word' id='word_1_24' title='bbox 917 755 1045 819; x_wconf 92' lang='lat' dir='ltr'><strong>ostium</strong></span> <span class='ocrx_word' id='word_1_25' title='bbox 1064 762 1188 838; x_wconf 88' lang='lat' dir='ltr'><strong>portus</strong></span> <span class='ocrx_word' id='word_1_26' title='bbox 1210 754 1273 818; x_wconf 88' lang='lat' dir='ltr'><strong>ad-</strong></span> 
     </span>
     <span class='ocr_line' id='line_1_5' title="bbox 320 853 1272 938; baseline 0.001 -22"><span class='ocrx_word' id='word_1_27' title='bbox 320 854 424 937; x_wconf 85' lang='lat' dir='ltr'>pulsi,</span> <span class='ocrx_word' id='word_1_28' title='bbox 446 855 593 935; x_wconf 92' lang='lat' dir='ltr'><strong>patriam</strong></span> <span class='ocrx_word' id='word_1_29' title='bbox 616 854 818 938; x_wconf 88' lang='lat' dir='ltr'><strong>depopulari</strong></span> <span class='ocrx_word' id='word_1_30' title='bbox 841 854 1064 918; x_wconf 87' lang='lat' dir='ltr'><strong>contendunt.</strong></span> <span class='ocrx_word' id='word_1_31' title='bbox 1117 853 1272 928; x_wconf 87' lang='lat' dir='ltr'><strong>Rumore</strong></span> 
     </span>
     <span class='ocr_line' id='line_1_6' title="bbox 320 953 1273 1035; baseline 0 -19"><span class='ocrx_word' id='word_1_32' title='bbox 320 953 439 1035; x_wconf 89' lang='lat' dir='ltr'><strong>itaque</strong></span> <span class='ocrx_word' id='word_1_33' title='bbox 460 953 653 1035; x_wconf 79' lang='lat' dir='ltr'><strong>divulgato,</strong></span> <span class='ocrx_word' id='word_1_34' title='bbox 677 953 749 1017; x_wconf 81' lang='lat' dir='ltr'><strong>dux</strong></span> <span class='ocrx_word' id='word_1_35' title='bbox 764 953 1017 1030; x_wconf 84' lang='lat' dir='ltr'><strong>Athelhelmus,</strong></span> <span class='ocrx_word' id='word_1_36' title='bbox 1040 972 1118 1016; x_wconf 91' lang='lat' dir='ltr'><strong>cum</strong></span> <span class='ocrx_word' id='word_1_37' title='bbox 1142 953 1273 1017; x_wconf 89' lang='lat' dir='ltr'><strong>Dorse-</strong></span> 
     </span>
     <span class='ocr_line' id='line_1_7' title="bbox 321 1051 1272 1136; baseline -0.003 -19"><span class='ocrx_word' id='word_1_38' title='bbox 321 1053 475 1117; x_wconf 87' lang='lat' dir='ltr'><strong>tensibus</strong></span> <span class='ocrx_word' id='word_1_39' title='bbox 499 1072 695 1130; x_wconf 90' lang='lat' dir='ltr'><strong>occurrens,</strong></span> <span class='ocrx_word' id='word_1_40' title='bbox 710 1054 805 1136; x_wconf 91' lang='lat' dir='ltr'><strong>ipsos</strong></span> <span class='ocrx_word' id='word_1_41' title='bbox 820 1052 879 1116; x_wconf 92' lang='lat' dir='ltr'><strong>diu</strong></span> <span class='ocrx_word' id='word_1_42' title='bbox 895 1051 1068 1117; x_wconf 87' lang='lat' dir='ltr'><strong>convertit</strong></span> <span class='ocrx_word' id='word_1_43' title='bbox 1087 1052 1124 1114; x_wconf 93' lang='lat' dir='ltr'><strong>in</strong></span> <span class='ocrx_word' id='word_1_44' title='bbox 1139 1052 1272 1132; x_wconf 78' lang='lat' dir='ltr'><strong>sugam,</strong></span> 
     </span>
     <span class='ocr_line' id='line_1_8' title="bbox 321 1150 1271 1226; baseline 0.001 -12"><span class='ocrx_word' id='word_1_45' title='bbox 321 1150 381 1214; x_wconf 84' lang='lat' dir='ltr'><strong>sed</strong></span> <span class='ocrx_word' id='word_1_46' title='bbox 398 1151 591 1216; x_wconf 88' lang='lat' dir='ltr'><strong>inconsulte</strong></span> <span class='ocrx_word' id='word_1_47' title='bbox 608 1153 739 1216; x_wconf 85' lang='lat' dir='ltr'><strong>viribus</strong></span> <span class='ocrx_word' id='word_1_48' title='bbox 755 1160 869 1226; x_wconf 84' lang='lat' dir='ltr'><strong>utens,</strong></span> <span class='ocrx_word' id='word_1_49' title='bbox 884 1151 965 1215; x_wconf 87' lang='lat' dir='ltr'><strong>dum</strong></span> <span class='ocrx_word' id='word_1_50' title='bbox 981 1151 1081 1214; x_wconf 91' lang='lat' dir='ltr'><strong>nimis</strong></span> <span class='ocrx_word' id='word_1_51' title='bbox 1104 1170 1181 1214; x_wconf 91' lang='lat' dir='ltr'><strong>cum</strong></span> <span class='ocrx_word' id='word_1_52' title='bbox 1198 1153 1271 1216; x_wconf 88' lang='lat' dir='ltr'><strong>suis</strong></span> 
     </span>
     <span class='ocr_line' id='line_1_9' title="bbox 320 1248 1171 1334; baseline 0.002 -21"><span class='ocrx_word' id='word_1_53' title='bbox 320 1248 515 1315; x_wconf 88' lang='lat' dir='ltr'><strong>inordinate</strong></span> <span class='ocrx_word' id='word_1_54' title='bbox 530 1252 711 1334; x_wconf 83' lang='lat' dir='ltr'><strong>processit,</strong></span> <span class='ocrx_word' id='word_1_55' title='bbox 728 1252 772 1314; x_wconf 90' lang='lat' dir='ltr'><strong>ab</strong></span> <span class='ocrx_word' id='word_1_56' title='bbox 787 1252 871 1334; x_wconf 90' lang='lat' dir='ltr'><strong>ipsis</strong></span> <span class='ocrx_word' id='word_1_57' title='bbox 887 1251 1088 1315; x_wconf 85' lang='lat' dir='ltr'><strong>interfectus</strong></span> <span class='ocrx_word' id='word_1_58' title='bbox 1105 1258 1171 1315; x_wconf 85' lang='lat' dir='ltr'><strong>est.</strong></span> 
     </span>
    </p>
   </div>
   <div class='ocr_carea' id='block_1_3' title="bbox 545 1423 1046 1508">
    <p class='ocr_par' dir='ltr' id='par_1_3' title="bbox 545 1423 1046 1508">
     <span class='ocr_line' id='line_1_10' title="bbox 545 1423 1046 1508; baseline 0 -21"><span class='ocrx_word' id='word_1_59' title='bbox 545 1425 593 1488; x_wconf 83' lang='lat' dir='ltr'><strong>De</strong></span> <span class='ocrx_word' id='word_1_60' title='bbox 609 1445 703 1490; x_wconf 81' lang='lat' dir='ltr'><strong>cuasa</strong></span> <span class='ocrx_word' id='word_1_61' title='bbox 718 1423 849 1489; x_wconf 74' lang='lat' dir='ltr'><strong>Duuicae</strong></span> <span class='ocrx_word' id='word_1_62' title='bbox 863 1423 1046 1508; x_wconf 77' lang='lat' dir='ltr'><strong>afflictionis.</strong></span> 
     </span>
    </p>
   </div>
   <div class='ocr_carea' id='block_1_4' title="bbox 161 1546 1272 1655">
    <p class='ocr_par' dir='ltr' id='par_1_4' title="bbox 161 1546 1272 1655">
     <span class='ocr_line' id='line_1_11' title="bbox 161 1546 1272 1655; baseline -0.002 -44"><span class='ocrx_word' id='word_1_63' title='bbox 161 1563 286 1655; x_wconf 44' lang='lat' dir='ltr'><strong>milip-</strong></span> <span class='ocrx_word' id='word_1_64' title='bbox 373 1546 477 1612; x_wconf 92' lang='lat' dir='ltr'><strong>Nunc</strong></span> <span class='ocrx_word' id='word_1_65' title='bbox 492 1549 600 1629; x_wconf 83' lang='lat' dir='ltr'><strong>igitur</strong></span> <span class='ocrx_word' id='word_1_66' title='bbox 617 1569 693 1612; x_wconf 91' lang='lat' dir='ltr'><strong>cum</strong></span> <span class='ocrx_word' id='word_1_67' title='bbox 712 1548 755 1612; x_wconf 92' lang='lat' dir='ltr'><strong>ad</strong></span> <span class='ocrx_word' id='word_1_68' title='bbox 772 1548 911 1631; x_wconf 79' lang='lat' dir='ltr'>plagam</span> <span class='ocrx_word' id='word_1_69' title='bbox 936 1548 1123 1610; x_wconf 83' lang='lat' dir='ltr'><strong>maximam</strong></span> <span class='ocrx_word' id='word_1_70' title='bbox 1139 1556 1174 1612; x_wconf 93' lang='lat' dir='ltr'><strong>et</strong></span> <span class='ocrx_word' id='word_1_71' title='bbox 1192 1546 1272 1612; x_wconf 89' lang='lat' dir='ltr'><strong>hor·</strong></span> 
     </span>
    </p>
   </div>
   <div class='ocr_carea' id='block_1_5' title="bbox 161 1645 1273 3818">
    <p class='ocr_par' dir='ltr' id='par_1_5' title="bbox 161 1645 1273 3818">
     <span class='ocr_line' id='line_1_12' title="bbox 161 1645 1272 1756; baseline 0.004 -50"><span class='ocrx_word' id='word_1_72' title='bbox 161 1645 454 1756; x_wconf 51' lang='lat' dir='ltr'><strong>ffiffinrihilem</strong></span> <span class='ocrx_word' id='word_1_73' title='bbox 486 1649 716 1729; x_wconf 84' lang='lat' dir='ltr'><strong>pervenimus,</strong></span> <span class='ocrx_word' id='word_1_74' title='bbox 742 1667 832 1731; x_wconf 86' lang='lat' dir='ltr'><strong>quae,</strong></span> <span class='ocrx_word' id='word_1_75' title='bbox 858 1648 1009 1730; x_wconf 88' lang='lat' dir='ltr'><strong>peccatis</strong></span> <span class='ocrx_word' id='word_1_76' title='bbox 1040 1647 1272 1727; x_wconf 79' lang='lat' dir='ltr'><strong>exigentibus,</strong></span> 
     </span>
     <span class='ocr_line' id='line_1_13' title="bbox 162 1745 1273 1829; baseline 0.005 -25"><span class='ocrx_word' id='word_1_77' title='bbox 162 1764 243 1805; x_wconf 63' lang='lat' dir='ltr'><strong>noran.</strong></span> <span class='ocrx_word' id='word_1_78' title='bbox 321 1765 383 1829; x_wconf 93' lang='lat' dir='ltr'><strong>per</strong></span> <span class='ocrx_word' id='word_1_79' title='bbox 404 1748 525 1811; x_wconf 90' lang='lat' dir='ltr'><strong>Danos</strong></span> <span class='ocrx_word' id='word_1_80' title='bbox 539 1746 745 1829; x_wconf 78' lang='lat' dir='ltr'><strong>Angligenis</strong></span> <span class='ocrx_word' id='word_1_81' title='bbox 763 1747 960 1811; x_wconf 87' lang='lat' dir='ltr'><strong>nationibus</strong></span> <span class='ocrx_word' id='word_1_82' title='bbox 981 1746 1080 1810; x_wconf 88' lang='lat' dir='ltr'><strong>illata</strong></span> <span class='ocrx_word' id='word_1_83' title='bbox 1102 1757 1167 1821; x_wconf 88' lang='lat' dir='ltr'><strong>est,</strong></span> <span class='ocrx_word' id='word_1_84' title='bbox 1186 1745 1273 1810; x_wconf 89' lang='lat' dir='ltr'><strong>libet</strong></span> 
     </span>
     <span class='ocr_line' id='line_1_14' title="bbox 322 1845 1272 1930; baseline 0 -22"><span class='ocrx_word' id='word_1_85' title='bbox 322 1845 475 1930; x_wconf 88' lang='lat' dir='ltr'><strong>ejusdem</strong></span> <span class='ocrx_word' id='word_1_86' title='bbox 503 1847 612 1911; x_wconf 90' lang='lat' dir='ltr'><strong>cladis</strong></span> <span class='ocrx_word' id='word_1_87' title='bbox 638 1865 790 1923; x_wconf 88' lang='lat' dir='ltr'><strong>causam,</strong></span> <span class='ocrx_word' id='word_1_88' title='bbox 811 1846 855 1909; x_wconf 89' lang='lat' dir='ltr'><strong>ad</strong></span> <span class='ocrx_word' id='word_1_89' title='bbox 878 1846 1049 1910; x_wconf 89' lang='lat' dir='ltr'><strong>cautelam</strong></span> <span class='ocrx_word' id='word_1_90' title='bbox 1065 1845 1272 1922; x_wconf 82' lang='lat' dir='ltr'><strong>futurorum,</strong></span> 
     </span>
     <span class='ocr_line' id='line_1_15' title="bbox 322 1939 1273 2028; baseline 0.002 -21"><span class='ocrx_word' id='word_1_91' title='bbox 322 1939 490 2010; x_wconf 87' lang='lat' dir='ltr'><strong>breviter¹</strong></span> <span class='ocrx_word' id='word_1_92' title='bbox 509 1947 703 2028; x_wconf 84' lang='lat' dir='ltr'><strong>legentibus</strong></span> <span class='ocrx_word' id='word_1_93' title='bbox 718 1946 890 2009; x_wconf 89' lang='lat' dir='ltr'><strong>intimare.</strong></span> <span class='ocrx_word' id='word_1_94' title='bbox 925 1945 968 2008; x_wconf 91' lang='lat' dir='ltr'><strong>In</strong></span> <span class='ocrx_word' id='word_1_95' title='bbox 985 1944 1179 2026; x_wconf 84' lang='lat' dir='ltr'><strong>Anglorum</strong></span> <span class='ocrx_word' id='word_1_96' title='bbox 1196 1947 1273 2027; x_wconf 93' lang='lat' dir='ltr'><strong>qui·</strong></span> 
     </span>
     <span class='ocr_line' id='line_1_16' title="bbox 306 2043 1271 2128; baseline 0 -20"><span class='ocrx_word' id='word_1_97' title='bbox 306 2043 400 2108; x_wconf 83' lang='lat' dir='ltr'><strong>uem</strong></span> <span class='ocrx_word' id='word_1_98' title='bbox 418 2045 564 2110; x_wconf 89' lang='lat' dir='ltr'><strong>ecclesia</strong></span> <span class='ocrx_word' id='word_1_99' title='bbox 578 2045 753 2128; x_wconf 86' lang='lat' dir='ltr'><strong>primitiva</strong></span> <span class='ocrx_word' id='word_1_100' title='bbox 770 2045 891 2126; x_wconf 86' lang='lat' dir='ltr'><strong>religio</strong></span> <span class='ocrx_word' id='word_1_101' title='bbox 909 2045 1096 2108; x_wconf 83' lang='lat' dir='ltr'><strong>clarissime</strong></span> <span class='ocrx_word' id='word_1_102' title='bbox 1118 2045 1271 2125; x_wconf 89' lang='lat' dir='ltr'><strong>resplen-</strong></span> 
     </span>
     <span class='ocr_line' id='line_1_17' title="bbox 323 2143 1272 2227; baseline 0.001 -21"><span class='ocrx_word' id='word_1_103' title='bbox 323 2143 410 2221; x_wconf 84' lang='lat' dir='ltr'><strong>duit,</strong></span> <span class='ocrx_word' id='word_1_104' title='bbox 432 2147 484 2208; x_wconf 83' lang='lat' dir='ltr'><strong>ita</strong></span> <span class='ocrx_word' id='word_1_105' title='bbox 506 2153 545 2210; x_wconf 91' lang='lat' dir='ltr'><strong>ut</strong></span> <span class='ocrx_word' id='word_1_106' title='bbox 568 2165 667 2227; x_wconf 86' lang='lat' dir='ltr'><strong>reges</strong></span> <span class='ocrx_word' id='word_1_107' title='bbox 690 2152 725 2208; x_wconf 88' lang='lat' dir='ltr'><strong>et</strong></span> <span class='ocrx_word' id='word_1_108' title='bbox 747 2145 888 2225; x_wconf 84' lang='lat' dir='ltr'><strong>reginae,</strong></span> <span class='ocrx_word' id='word_1_109' title='bbox 904 2144 1077 2227; x_wconf 89' lang='lat' dir='ltr'><strong>principes</strong></span> <span class='ocrx_word' id='word_1_110' title='bbox 1096 2163 1137 2206; x_wconf 91' lang='lat' dir='ltr'><strong>ac</strong></span> <span class='ocrx_word' id='word_1_111' title='bbox 1154 2143 1272 2221; x_wconf 91' lang='lat' dir='ltr'><strong>duces,</strong></span> 
     </span>
     <span class='ocr_line' id='line_1_18' title="bbox 322 2244 1272 2326; baseline 0.001 -20"><span class='ocrx_word' id='word_1_112' title='bbox 322 2245 465 2307; x_wconf 85' lang='lat' dir='ltr'><strong>comites</strong></span> <span class='ocrx_word' id='word_1_113' title='bbox 488 2253 523 2308; x_wconf 83' lang='lat' dir='ltr'><strong>et</strong></span> <span class='ocrx_word' id='word_1_114' title='bbox 544 2245 691 2308; x_wconf 88' lang='lat' dir='ltr'><strong>barones</strong></span> <span class='ocrx_word' id='word_1_115' title='bbox 713 2244 1004 2326; x_wconf 85' lang='lat' dir='ltr'><strong>ecclesiarumque</strong></span> <span class='ocrx_word' id='word_1_116' title='bbox 1027 2251 1188 2319; x_wconf 88' lang='lat' dir='ltr'><strong>rectores,</strong></span> <span class='ocrx_word' id='word_1_117' title='bbox 1204 2263 1272 2307; x_wconf 88' lang='lat' dir='ltr'><strong>cae·</strong></span> 
     </span>
     <span class='ocr_line' id='line_1_19' title="bbox 321 2341 1271 2425; baseline -0.001 -18"><span class='ocrx_word' id='word_1_118' title='bbox 321 2341 419 2407; x_wconf 86' lang='lat' dir='ltr'><strong>lestis</strong></span> <span class='ocrx_word' id='word_1_119' title='bbox 463 2344 559 2425; x_wconf 83' lang='lat' dir='ltr'><strong>regni</strong></span> <span class='ocrx_word' id='word_1_120' title='bbox 604 2343 774 2407; x_wconf 90' lang='lat' dir='ltr'><strong>desiderio</strong></span> <span class='ocrx_word' id='word_1_121' title='bbox 810 2342 979 2419; x_wconf 87' lang='lat' dir='ltr'><strong>succensi,</strong></span> <span class='ocrx_word' id='word_1_122' title='bbox 1015 2341 1271 2421; x_wconf 90' lang='lat' dir='ltr'><strong>monachatum,</strong></span> 
     </span>
     <span class='ocr_line' id='line_1_20' title="bbox 321 2441 1272 2524; baseline 0.001 -19"><span class='ocrx_word' id='word_1_123' title='bbox 321 2449 551 2524; x_wconf 88' lang='lat' dir='ltr'><strong>spontaneum</strong></span> <span class='ocrx_word' id='word_1_124' title='bbox 577 2443 732 2518; x_wconf 84' lang='lat' dir='ltr'><strong>exilium,</strong></span> <span class='ocrx_word' id='word_1_125' title='bbox 755 2443 864 2506; x_wconf 87' lang='lat' dir='ltr'><strong>vitam</strong></span> <span class='ocrx_word' id='word_1_126' title='bbox 891 2441 1094 2519; x_wconf 86' lang='lat' dir='ltr'><strong>solitariam,</strong></span> <span class='ocrx_word' id='word_1_127' title='bbox 1119 2450 1159 2505; x_wconf 90' lang='lat' dir='ltr'><strong>ut</strong></span> <span class='ocrx_word' id='word_1_128' title='bbox 1181 2461 1272 2524; x_wconf 86' lang='lat' dir='ltr'><strong>prae-</strong></span> 
     </span>
     <span class='ocr_line' id='line_1_21' title="bbox 322 2541 1272 2625; baseline 0.001 -22"><span class='ocrx_word' id='word_1_129' title='bbox 322 2543 604 2618; x_wconf 62' lang='lat' dir='ltr'><strong>monstravimus</strong></span> <span class='ocrx_word' id='word_1_130' title='bbox 627 2542 783 2605; x_wconf 84' lang='lat' dir='ltr'><strong>certatim</strong></span> <span class='ocrx_word' id='word_1_131' title='bbox 809 2549 1024 2625; x_wconf 88' lang='lat' dir='ltr'><strong>appetentes,</strong></span> <span class='ocrx_word' id='word_1_132' title='bbox 1048 2541 1176 2605; x_wconf 89' lang='lat' dir='ltr'><strong>relictis</strong></span> <span class='ocrx_word' id='word_1_133' title='bbox 1198 2562 1272 2604; x_wconf 91' lang='lat' dir='ltr'><strong>om-</strong></span> 
     </span>
     <span class='ocr_line' id='line_1_22' title="bbox 322 2641 1272 2723; baseline 0.002 -19"><span class='ocrx_word' id='word_1_134' title='bbox 322 2641 436 2718; x_wconf 76' lang='lat' dir='ltr'><strong>nibuS,</strong></span> <span class='ocrx_word' id='word_1_135' title='bbox 471 2641 658 2706; x_wconf 91' lang='lat' dir='ltr'><strong>Dominum</strong></span> <span class='ocrx_word' id='word_1_136' title='bbox 695 2649 949 2723; x_wconf 80' lang='lat' dir='ltr'><strong>sequerentur3</strong></span> <span class='ocrx_word' id='word_1_137' title='bbox 986 2660 1149 2723; x_wconf 89' lang='lat' dir='ltr'><strong>processu</strong></span> <span class='ocrx_word' id='word_1_138' title='bbox 1189 2660 1272 2706; x_wconf 89' lang='lat' dir='ltr'><strong>vero</strong></span> 
     </span>
     <span class='ocr_line' id='line_1_23' title="bbox 322 2740 1272 2823; baseline 0 -19"><span class='ocrx_word' id='word_1_139' title='bbox 322 2741 486 2823; x_wconf 90' lang='lat' dir='ltr'><strong>temporis</strong></span> <span class='ocrx_word' id='word_1_140' title='bbox 511 2742 597 2805; x_wconf 86' lang='lat' dir='ltr'><strong>adeo</strong></span> <span class='ocrx_word' id='word_1_141' title='bbox 626 2742 660 2804; x_wconf 92' lang='lat' dir='ltr'><strong>in</strong></span> <span class='ocrx_word' id='word_1_142' title='bbox 687 2742 736 2804; x_wconf 89' lang='lat' dir='ltr'><strong>eis</strong></span> <span class='ocrx_word' id='word_1_143' title='bbox 759 2743 870 2804; x_wconf 89' lang='lat' dir='ltr'><strong>virtus</strong></span> <span class='ocrx_word' id='word_1_144' title='bbox 901 2741 1080 2817; x_wconf 89' lang='lat' dir='ltr'><strong>emarcuit,</strong></span> <span class='ocrx_word' id='word_1_145' title='bbox 1107 2748 1146 2803; x_wconf 90' lang='lat' dir='ltr'><strong>ut</strong></span> <span class='ocrx_word' id='word_1_146' title='bbox 1176 2740 1272 2804; x_wconf 90' lang='lat' dir='ltr'><strong>nulla</strong></span> 
     </span>
     <span class='ocr_line' id='line_1_24' title="bbox 322 2840 1271 2923; baseline 0.001 -20"><span class='ocrx_word' id='word_1_147' title='bbox 322 2859 407 2922; x_wconf 83' lang='lat' dir='ltr'><strong>gens</strong></span> <span class='ocrx_word' id='word_1_148' title='bbox 433 2841 625 2923; x_wconf 88' lang='lat' dir='ltr'><strong>proditione</strong></span> <span class='ocrx_word' id='word_1_149' title='bbox 650 2841 707 2904; x_wconf 88' lang='lat' dir='ltr'><strong>vel</strong></span> <span class='ocrx_word' id='word_1_150' title='bbox 732 2840 852 2903; x_wconf 86' lang='lat' dir='ltr'><strong>fraude</strong></span> <span class='ocrx_word' id='word_1_151' title='bbox 884 2841 934 2903; x_wconf 93' lang='lat' dir='ltr'><strong>eis</strong></span> <span class='ocrx_word' id='word_1_152' title='bbox 964 2840 1151 2904; x_wconf 91' lang='lat' dir='ltr'><strong>consimilis</strong></span> <span class='ocrx_word' id='word_1_153' title='bbox 1175 2840 1271 2904; x_wconf 88' lang='lat' dir='ltr'><strong>vide-</strong></span> 
     </span>
     <span class='ocr_line' id='line_1_25' title="bbox 322 2938 1272 3021; baseline 0.001 -18"><span class='ocrx_word' id='word_1_154' title='bbox 322 2947 428 3017; x_wconf 88' lang='lat' dir='ltr'><strong>retur,</strong></span> <span class='ocrx_word' id='word_1_155' title='bbox 456 2961 518 3005; x_wconf 91' lang='lat' dir='ltr'><strong>nec</strong></span> <span class='ocrx_word' id='word_1_156' title='bbox 541 2947 616 3004; x_wconf 90' lang='lat' dir='ltr'><strong>erat</strong></span> <span class='ocrx_word' id='word_1_157' title='bbox 643 2940 694 3003; x_wconf 93' lang='lat' dir='ltr'><strong>eis</strong></span> <span class='ocrx_word' id='word_1_158' title='bbox 725 2938 873 3004; x_wconf 91' lang='lat' dir='ltr'><strong>invisum</strong></span> <span class='ocrx_word' id='word_1_159' title='bbox 906 2938 1037 3021; x_wconf 92' lang='lat' dir='ltr'><strong>aliquid</strong></span> <span class='ocrx_word' id='word_1_160' title='bbox 1069 2939 1135 3001; x_wconf 93' lang='lat' dir='ltr'><strong>nisi</strong></span> <span class='ocrx_word' id='word_1_161' title='bbox 1160 2940 1272 3021; x_wconf 87' lang='lat' dir='ltr'><strong>pietas</strong></span> 
     </span>
     <span class='ocr_line' id='line_1_26' title="bbox 322 3039 1272 3123; baseline 0.001 -21"><span class='ocrx_word' id='word_1_162' title='bbox 322 3046 357 3103; x_wconf 91' lang='lat' dir='ltr'><strong>et</strong></span> <span class='ocrx_word' id='word_1_163' title='bbox 374 3039 525 3123; x_wconf 90' lang='lat' dir='ltr'><strong>justitia,</strong></span> <span class='ocrx_word' id='word_1_164' title='bbox 543 3060 606 3104; x_wconf 89' lang='lat' dir='ltr'><strong>nec</strong></span> <span class='ocrx_word' id='word_1_165' title='bbox 628 3039 738 3103; x_wconf 94' lang='lat' dir='ltr'><strong>honor</strong></span> <span class='ocrx_word' id='word_1_166' title='bbox 753 3039 818 3102; x_wconf 93' lang='lat' dir='ltr'><strong>nisi</strong></span> <span class='ocrx_word' id='word_1_167' title='bbox 842 3039 933 3102; x_wconf 90' lang='lat' dir='ltr'><strong>bella</strong></span> <span class='ocrx_word' id='word_1_168' title='bbox 953 3039 1136 3121; x_wconf 87' lang='lat' dir='ltr'><strong>plusquam</strong></span> <span class='ocrx_word' id='word_1_169' title='bbox 1155 3040 1272 3103; x_wconf 88' lang='lat' dir='ltr'><strong>civilia</strong></span> 
     </span>
     <span class='ocr_line' id='line_1_27' title="bbox 322 3138 1270 3221; baseline 0 -19"><span class='ocrx_word' id='word_1_170' title='bbox 322 3145 357 3202; x_wconf 88' lang='lat' dir='ltr'><strong>et</strong></span> <span class='ocrx_word' id='word_1_171' title='bbox 371 3141 551 3221; x_wconf 84' lang='lat' dir='ltr'><strong>sanguinis</strong></span> <span class='ocrx_word' id='word_1_172' title='bbox 566 3139 688 3203; x_wconf 87' lang='lat' dir='ltr'><strong>effusio</strong></span> <span class='ocrx_word' id='word_1_173' title='bbox 708 3140 954 3202; x_wconf 89' lang='lat' dir='ltr'><strong>innocentium.</strong></span> <span class='ocrx_word' id='word_1_174' title='bbox 1008 3138 1107 3201; x_wconf 88' lang='lat' dir='ltr'><strong>Misit</strong></span> <span class='ocrx_word' id='word_1_175' title='bbox 1121 3158 1204 3219; x_wconf 84' lang='lat' dir='ltr'><strong>ergo</strong></span> <span class='ocrx_word' id='word_1_176' title='bbox 1219 3141 1270 3203; x_wconf 86' lang='lat' dir='ltr'><strong>eis</strong></span> 
     </span>
     <span class='ocr_line' id='line_1_28' title="bbox 322 3237 1272 3322; baseline 0.001 -21"><span class='ocrx_word' id='word_1_177' title='bbox 322 3237 419 3303; x_wconf 86' lang='lat' dir='ltr'><strong>Deus</strong></span> <span class='ocrx_word' id='word_1_178' title='bbox 449 3241 666 3322; x_wconf 82' lang='lat' dir='ltr'><strong>omnipotens</strong></span> <span class='ocrx_word' id='word_1_179' title='bbox 688 3247 810 3320; x_wconf 83' lang='lat' dir='ltr'><strong>gentes</strong></span> <span class='ocrx_word' id='word_1_180' title='bbox 836 3256 992 3321; x_wconf 81' lang='lat' dir='ltr'><strong>paganas</strong></span> <span class='ocrx_word' id='word_1_181' title='bbox 1016 3246 1051 3301; x_wconf 90' lang='lat' dir='ltr'><strong>et</strong></span> <span class='ocrx_word' id='word_1_182' title='bbox 1076 3237 1272 3302; x_wconf 92' lang='lat' dir='ltr'><strong>crudelissi-</strong></span> 
     </span>
     <span class='ocr_line' id='line_1_29' title="bbox 321 3336 1271 3422; baseline 0.002 -22"><span class='ocrx_word' id='word_1_183' title='bbox 321 3357 408 3415; x_wconf 86' lang='lat' dir='ltr'><strong>mas,</strong></span> <span class='ocrx_word' id='word_1_184' title='bbox 424 3339 519 3402; x_wconf 88' lang='lat' dir='ltr'><strong>velut</strong></span> <span class='ocrx_word' id='word_1_185' title='bbox 536 3358 641 3422; x_wconf 89' lang='lat' dir='ltr'><strong>apum</strong></span> <span class='ocrx_word' id='word_1_186' title='bbox 662 3339 835 3415; x_wconf 85' lang='lat' dir='ltr'><strong>examina,</strong></span> <span class='ocrx_word' id='word_1_187' title='bbox 852 3357 930 3419; x_wconf 89' lang='lat' dir='ltr'><strong>quae</strong></span> <span class='ocrx_word' id='word_1_188' title='bbox 951 3336 1147 3419; x_wconf 91' lang='lat' dir='ltr'><strong>nequidem</strong></span> <span class='ocrx_word' id='word_1_189' title='bbox 1171 3339 1271 3402; x_wconf 87' lang='lat' dir='ltr'><strong>sexui</strong></span> 
     </span>
     <span class='ocr_line' id='line_1_30' title="bbox 322 3436 1272 3520; baseline 0.002 -21"><span class='ocrx_word' id='word_1_190' title='bbox 322 3437 478 3501; x_wconf 92' lang='lat' dir='ltr'><strong>muliebri</strong></span> <span class='ocrx_word' id='word_1_191' title='bbox 499 3446 559 3502; x_wconf 95' lang='lat' dir='ltr'><strong>aut</strong></span> <span class='ocrx_word' id='word_1_192' title='bbox 582 3438 805 3520; x_wconf 89' lang='lat' dir='ltr'><strong>parvulorum</strong></span> <span class='ocrx_word' id='word_1_193' title='bbox 827 3443 1008 3520; x_wconf 87' lang='lat' dir='ltr'><strong>parcerent</strong></span> <span class='ocrx_word' id='word_1_194' title='bbox 1024 3436 1133 3514; x_wconf 83' lang='lat' dir='ltr'><strong>aetati,</strong></span> <span class='ocrx_word' id='word_1_195' title='bbox 1151 3436 1272 3501; x_wconf 90' lang='lat' dir='ltr'><strong>Danos</strong></span> 
     </span>
     <span class='ocr_line' id='line_1_31' title="bbox 321 3536 1273 3618; baseline 0.003 -21"><span class='ocrx_word' id='word_1_196' title='bbox 321 3536 453 3600; x_wconf 88' lang='lat' dir='ltr'><strong>scilicet</strong></span> <span class='ocrx_word' id='word_1_197' title='bbox 479 3544 514 3601; x_wconf 90' lang='lat' dir='ltr'><strong>et</strong></span> <span class='ocrx_word' id='word_1_198' title='bbox 543 3537 809 3618; x_wconf 76' lang='lat' dir='ltr'><strong>NorwegenseS,</strong></span> <span class='ocrx_word' id='word_1_199' title='bbox 834 3537 970 3601; x_wconf 91' lang='lat' dir='ltr'><strong>Gothos</strong></span> <span class='ocrx_word' id='word_1_200' title='bbox 996 3545 1031 3600; x_wconf 89' lang='lat' dir='ltr'><strong>et</strong></span> <span class='ocrx_word' id='word_1_201' title='bbox 1057 3537 1273 3614; x_wconf 86' lang='lat' dir='ltr'><strong>Swathedos,</strong></span> 
     </span>
     <span class='ocr_line' id='line_1_32' title="bbox 321 3634 1273 3720; baseline 0 -20"><span class='ocrx_word' id='word_1_202' title='bbox 321 3634 513 3700; x_wconf 89' lang='lat' dir='ltr'><strong>Wandalos</strong></span> <span class='ocrx_word' id='word_1_203' title='bbox 530 3647 564 3700; x_wconf 86' lang='lat' dir='ltr'><strong>ot</strong></span> <span class='ocrx_word' id='word_1_204' title='bbox 583 3638 720 3713; x_wconf 67' lang='lat' dir='ltr'><strong>Fresos</strong></span> <span class='ocrx_word' id='word_1_205' title='bbox 736 3639 794 3720; x_wconf 91' lang='lat' dir='ltr'><strong>qui</strong></span> <span class='ocrx_word' id='word_1_206' title='bbox 816 3639 859 3700; x_wconf 90' lang='lat' dir='ltr'><strong>ab</strong></span> <span class='ocrx_word' id='word_1_207' title='bbox 877 3636 1020 3701; x_wconf 84' lang='lat' dir='ltr'><strong>exordio</strong></span> <span class='ocrx_word' id='word_1_208' title='bbox 1039 3637 1130 3717; x_wconf 87' lang='lat' dir='ltr'><strong>regis</strong></span> <span class='ocrx_word' id='word_1_209' title='bbox 1148 3635 1273 3700; x_wconf 86' lang='lat' dir='ltr'><strong>Athel-</strong></span> 
     </span>
     <span class='ocr_line' id='line_1_33' title="bbox 321 3734 1272 3818; baseline 0.001 -19"><span class='ocrx_word' id='word_1_210' title='bbox 321 3734 390 3799; x_wconf 89' lang='lat' dir='ltr'><strong>wlfi</strong></span> <span class='ocrx_word' id='word_1_211' title='bbox 419 3736 609 3817; x_wconf 88' lang='lat' dir='ltr'><strong>supradicti</strong></span> <span class='ocrx_word' id='word_1_212' title='bbox 635 3756 745 3818; x_wconf 86' lang='lat' dir='ltr'><strong>usque</strong></span> <span class='ocrx_word' id='word_1_213' title='bbox 769 3738 813 3800; x_wconf 89' lang='lat' dir='ltr'><strong>ad</strong></span> <span class='ocrx_word' id='word_1_214' title='bbox 836 3737 1115 3800; x_wconf 90' lang='lat' dir='ltr'><strong>Normannorum</strong></span> <span class='ocrx_word' id='word_1_215' title='bbox 1142 3736 1272 3800; x_wconf 88' lang='lat' dir='ltr'><strong>adven·</strong></span> 
     </span>
    </p>
   </div>
   <div class='ocr_carea' id='block_1_6' title="bbox 321 3836 1272 3918">
    <p class='ocr_par' dir='ltr' id='par_1_6' title="bbox 321 3836 1272 3918">
     <span class='ocr_line' id='line_1_34' title="bbox 321 3836 1272 3918; baseline 0.003 -21"><span class='ocrx_word' id='word_1_216' title='bbox 321 3841 407 3912; x_wconf 88' lang='lat' dir='ltr'><strong>tum,</strong></span> <span class='ocrx_word' id='word_1_217' title='bbox 433 3855 495 3918; x_wconf 91' lang='lat' dir='ltr'><strong>per</strong></span> <span class='ocrx_word' id='word_1_218' title='bbox 517 3855 625 3899; x_wconf 89' lang='lat' dir='ltr'><strong>annos</strong></span> <span class='ocrx_word' id='word_1_219' title='bbox 652 3836 758 3900; x_wconf 86' lang='lat' dir='ltr'><strong>ferme</strong></span> <span class='ocrx_word' id='word_1_220' title='bbox 777 3837 943 3900; x_wconf 87' lang='lat' dir='ltr'><strong>ducentos</strong></span> <span class='ocrx_word' id='word_1_221' title='bbox 969 3836 1124 3917; x_wconf 81' lang='lat' dir='ltr'><strong>triginta,</strong></span> <span class='ocrx_word' id='word_1_222' title='bbox 1145 3843 1272 3900; x_wconf 90' lang='lat' dir='ltr'><strong>terram</strong></span> 
     </span>
    </p>
   </div>
   <div class='ocr_carea' id='block_1_7' title="bbox 319 4042 1274 4249">
    <p class='ocr_par' dir='ltr' id='par_1_7' title="bbox 319 4042 1274 4249">
     <span class='ocr_line' id='line_1_35' title="bbox 355 4042 1274 4116; baseline 0.004 -24"><span class='ocrx_word' id='word_1_223' title='bbox 355 4042 363 4074; x_wconf 89' lang='lat'>¹</span> <span class='ocrx_word' id='word_1_224' title='bbox 375 4045 488 4094; x_wconf 82' lang='lat' dir='ltr'><strong>Breviter</strong></span> <span class='ocrx_word' id='word_1_225' title='bbox 498 4047 634 4108; x_wconf 76' lang='lat' dir='ltr'><strong>legentibus</strong></span> <span class='ocrx_word' id='word_1_226' title='bbox 644 4043 780 4116; x_wconf 67' lang='lat' dir='ltr'><strong>intimum]</strong></span> <span class='ocrx_word' id='word_1_227' title='bbox 808 4048 850 4096; x_wconf 86' lang='lat' dir='ltr'><strong>the</strong></span> <span class='ocrx_word' id='word_1_228' title='bbox 863 4047 916 4094; x_wconf 81' lang='lat' dir='ltr'><strong>uun</strong></span> <span class='ocrx_word' id='word_1_229' title='bbox 928 4047 993 4096; x_wconf 90' lang='lat' dir='ltr'><strong>book</strong></span> <span class='ocrx_word' id='word_1_230' title='bbox 1006 4046 1035 4095; x_wconf 81' lang='lat' dir='ltr'><strong>os</strong></span> <span class='ocrx_word' id='word_1_231' title='bbox 1045 4047 1133 4107; x_wconf 80' lang='lat' dir='ltr'><strong>Henry</strong></span> <span class='ocrx_word' id='word_1_232' title='bbox 1145 4046 1174 4096; x_wconf 84' lang='lat' dir='ltr'><strong>oi</strong></span> <span class='ocrx_word' id='word_1_233' title='bbox 1189 4047 1274 4097; x_wconf 85' lang='lat' dir='ltr'><strong>Hunt·</strong></span> 
     </span>
     <span class='ocr_line' id='line_1_36' title="bbox 319 4113 1051 4180; baseline 0.004 -17"><span class='ocrx_word' id='word_1_234' title='bbox 319 4113 373 4164; x_wconf 81' lang='lat' dir='ltr'><strong>&#39;l&#39;lro</strong></span> <span class='ocrx_word' id='word_1_235' title='bbox 392 4122 500 4164; x_wconf 86' lang='lat' dir='ltr'><strong>account</strong></span> <span class='ocrx_word' id='word_1_236' title='bbox 516 4116 645 4179; x_wconf 80' lang='lat' dir='ltr'><strong>following</strong></span> <span class='ocrx_word' id='word_1_237' title='bbox 665 4119 686 4165; x_wconf 86' lang='lat' dir='ltr'><strong>is</strong></span> <span class='ocrx_word' id='word_1_238' title='bbox 706 4118 781 4166; x_wconf 82' lang='lat' dir='ltr'><strong>taken</strong></span> <span class='ocrx_word' id='word_1_239' title='bbox 808 4117 923 4180; x_wconf 81' lang='lat' dir='ltr'><strong>ingdon&#39;s</strong></span> <span class='ocrx_word' id='word_1_240' title='bbox 936 4118 1051 4177; x_wconf 79' lang='lat' dir='ltr'><strong>History.</strong></span> 
     </span>
     <span class='ocr_line' id='line_1_37' title="bbox 319 4185 782 4249; baseline 0.009 -17"><span class='ocrx_word' id='word_1_241' title='bbox 319 4185 470 4247; x_wconf 82' lang='lat' dir='ltr'><strong>principnlly</strong></span> <span class='ocrx_word' id='word_1_242' title='bbox 482 4186 544 4236; x_wconf 81' lang='lat' dir='ltr'><strong>from</strong></span> <span class='ocrx_word' id='word_1_243' title='bbox 560 4187 602 4236; x_wconf 88' lang='lat' dir='ltr'><strong>the</strong></span> <span class='ocrx_word' id='word_1_244' title='bbox 619 4188 740 4249; x_wconf 77' lang='lat' dir='ltr'><strong>prologus</strong></span> <span class='ocrx_word' id='word_1_245' title='bbox 757 4193 782 4236; x_wconf 88' lang='lat' dir='ltr'><strong>to</strong></span> 
     </span>
    </p>
   </div>
   <div class='ocr_carea' id='block_1_8' title="bbox 0 0 1448 4852">
    <p class='ocr_par' dir='ltr' id='par_1_8' title="bbox 0 0 1448 4852">
     <span class='ocr_line' id='line_1_38' title="bbox 0 0 1448 4852; baseline 0 0"><span class='ocrx_word' id='word_1_246' title='bbox 0 0 1448 4852; x_wconf 95' lang='lat' dir='ltr'><strong> </strong></span> 
     </span>
    </p>
   </div>
  </div>
 </body>
</html>
