2888 4852
418 429 558 478 awaus
583 431 852 480 nrsronmauu.
1047 415 1112 480 196

158 585 356 651 laetabunda
377 587 562 670 spirituum
589 590 781 669 bonorum3
812 608 892 652 nam
923 608 1002 671 ego,
1029 602 1194 652 cumvuton
1203 605 1227 645 ot

158 685 202 748 ad
224 693 362 769 tempus
386 689 604 752 recessissem
620 706 643 752 a
659 696 706 765 te,
722 689 766 752 ad
792 688 857 753 hoc
873 688 953 766 ieci,
968 695 1007 753 ut
1023 653 1150 770 quid1>
1139 654 1258 696 mm

158 783 200 847 de
218 793 252 848 te
267 785 341 850 fieri
356 787 508 865 deberet,
526 789 773 870 agnoscerem?
824 788 914 852 Haec
931 787 1016 852 mibi
1029 807 1108 852 cum

159 883 319 962 dixisset,
344 887 490 950 multum
517 888 711 951 detestatus
736 906 813 951 sum
838 888 881 952 ad
907 907 1032 970 corpus
1056 907 1111 951 re-

159 985 259 1060 verti,
287 984 478 1049 delectatus
506 988 681 1051 suavitate
704 1006 747 1050 ac
769 987 892 1051 decore
915 987 982 1052 loci
1005 1005 1108 1069 quem
1233 1008 1234 1012 ¹

158 1081 324 1161 videram,
341 1085 444 1148 simul
466 1093 501 1148 et
525 1086 699 1150 consortio
722 1105 841 1150 eorum
863 1106 952 1168 quos
972 1086 1108 1168 aspexi,

158 1181 219 1244 sed
247 1183 338 1248 inter
366 1182 453 1261 haec,
477 1203 547 1266 quo
576 1185 697 1249 ordine
728 1187 856 1264 nescio,
883 1192 1025 1266 repente
1052 1203 1108 1248 me

158 1280 248 1344 inter
261 1282 417 1347 homines
433 1282 551 1347 vivere
567 1285 694 1348 cemo.'
738 1278 914 1367 ¹Denique
929 1284 965 1347 in
981 1283 1109 1347 vicinia

158 1379 254 1445 cellae
279 1382 384 1459 illius,
411 1390 452 1447 ut
476 1383 679 1465 praedictum
704 1392 769 1463 est,
786 1385 829 1448 in
853 1383 993 1448 flumine
1015 1382 1107 1464 quod

158 1481 415 1562 praeterfluebat
436 1483 571 1547 solebat
592 1484 723 1561 crebro,
746 1484 791 1547 ob
812 1503 976 1566 magnum
1001 1483 1106 1546 casti-

159 1579 265 1660 gandi
278 1581 433 1664 corporis
447 1582 620 1659 allectum,
637 1582 784 1664 ingredi,
800 1602 841 1646 ac
858 1584 987 1664 saepius
1005 1582 1041 1645 in
1066 1601 1108 1645 eo

158 1680 390 1744 crescentibus
401 1681 504 1745 undis
519 1682 688 1763 immergi,
704 1683 822 1765 sicque
837 1681 976 1758 ibidem,
984 1700 1107 1764 quam·

159 1776 219 1840 diu
247 1780 417 1844 sustinere
443 1781 570 1864 potuit,
593 1781 736 1864 psalmis
757 1780 987 1864 precibusque
1005 1780 1108 1843 insis-

161 1882 234 1940 tere
249 1885 285 1944 et
300 1878 392 1943 fixus
409 1880 458 1944 ibi
474 1899 626 1957 manere,
642 1880 873 1945 adscendente
890 1898 983 1961 aqua
999 1897 1110 1962 usque

159 1975 204 2039 ad
235 1977 370 2043 lumbos
398 1987 435 2043 et
457 1979 664 2061 quandoque
694 1998 805 2062 usque
835 1979 878 2042 ad
910 1978 1049 2053 collum,
1074 1989 1112 2044 et

159 2074 240 2139 iude
255 2096 415 2159 egressus
431 2080 639 2144 vestimenta
664 2097 729 2142 sua
744 2097 923 2161 nunquam
937 2076 1110 2159 deponere

160 2176 317 2255 curabat,
339 2177 449 2241 donec
479 2177 649 2242 calefacta
674 2177 717 2241 de
740 2196 804 2242 suo
830 2197 974 2259 corpore
1001 2177 1109 2240 sicca-

159 2281 290 2338 rentur.
319 2276 491 2358 Tempore
501 2296 582 2340 vero
599 2276 760 2360 hyemali,
770 2276 1001 2341 defluentibus
1015 2273 1110 2340 circa

161 2393 239 2437 eum
270 2373 456 2456 glacierum
489 2377 626 2452 crustis,
654 2377 819 2441 dixerunt
846 2377 907 2458 qui
932 2374 1111 2453 videbant,

160 2472 327 2550 ‘Mirum
344 2475 451 2539 irater
470 2474 675 2552 Dritbelme,
696 2476 789 2558 quod
816 2483 950 2540 tantam
971 2474 1111 2555 frigoris

161 2573 384 2654 asperitatem
400 2574 549 2638 tolerare
566 2581 666 2657 potes
677 2574 698 2654 3'
713 2574 944 2656 respondebat
954 2573 1014 2637 ille
1026 2573 1111 2639 sim-

162 2671 309 2753 pliciter,
331 2672 549 2754 ‘Frigidiora
571 2692 637 2755 ego
654 2672 750 2738 vidi!
786 2673 928 2737 Etcum
945 2672 1111 2750 dicerent,

161 2770 315 2835 ‘Mirum
331 2771 424 2855 quod
440 2779 511 2837 tam
527 2779 702 2837 austeram
723 2779 841 2837 tenere
862 2771 1112 2836 continentiam

162 2869 272 2948 velis}
296 2871 539 2954 respondebat,
570 2870 796 2937 ‘Austeriora
819 2891 885 2954 ego
908 2870 1004 2935 vidi!
1053 2869 1113 2933 Sic

162 2987 272 3052 usque
289 2971 334 3034 ad
351 2971 441 3035 diem
458 2971 651 3036 vocationis
667 2991 753 3049 suae,
768 2970 979 3053 infatigabili
993 2967 1112 3032 caeles-

163 3070 250 3133 tium
272 3071 440 3134 bonorum
456 3069 638 3148 desiderio,
654 3089 779 3153 corpus
799 3070 907 3134 senile
922 3069 1012 3133 inter
1028 3087 1115 3150 quo-

163 3168 296 3233 tidiana
322 3169 461 3254 jejunia
491 3169 666 3249 domabat,
698 3169 885 3251 multisque
917 3168 1021 3233 saluti
1047 3166 1115 3231 init

164 3274 236 3332 tam
251 3287 355 3351 opere
371 3287 475 3351 quarn
491 3270 661 3351 exemplo.

408 3441 589 3507 Britlrwue
600 3461 693 3506 cenae
700 3441 881 3525 prender.

212 3564 318 3631 Anno
335 3564 458 3647 gratiae
474 3580 555 3628 nce.
565 3554 792 3641 ’Biitbricus
808 3581 923 3627 comes
936 3561 1115 3627 Nortban·
1100 3575 1237 3667 ·ss,¹‚’„²2·,

163 3665 399 3743 humbrorum,
413 3663 534 3730 volens
547 3662 724 3728 vindicare
744 3661 921 3726 dominum
941 3681 1042 3725 suum
1064 3679 1117 3724 re·
1127 3675 1245 3720 amam

199 3869 337 3934 menan
359 3871 385 3920 ia
407 3871 498 3922 vicinia
525 3867 626 3941 celim]
654 3871 694 3921 bie
707 3855 799 3934 vision,
813 3870 863 3921 and
873 3867 994 3919 wbobad
1009 3882 1119 3919 commu·

163 3941 307 3993 wendover
341 3943 416 3991 omlts
455 3943 498 3991 the
539 3956 628 3992 source
654 3936 991 4004 nicatedittobim,§tit⁵.

163 4012 269 4062 whence
289 4011 363 4062 Beda
379 4026 439 4073 says
455 4012 512 4061 tbat
527 4011 560 4062 be
578 4012 628 4061 bed
690 4008 878 4072 ’BritbricuaJ
897 4024 926 4058 or
944 4008 1031 4058 Berta.
1064 4005 1121 4056 The

165 4082 270 4131 derived
283 4081 325 4131 bis
341 4082 510 4143 informatius,
520 4082 630 4143 nearly,
655 4082 716 4131 Sex.
729 4080 824 4132 chron.
842 4080 930 4142 places
945 4078 986 4127 bis
1001 4076 1077 4127 deatb
1094 4078 1121 4125 iu

165 4152 399 4213 amonkbyname
417 4151 630 4217 Haemgilawno
655 4150 699 4200 the
716 4151 835 4214 previous
854 4163 924 4212 year.
965 4148 1014 4198 aee
1033 4148 1123 4208 abere,

166 4221 218 4272 bad
242 4221 320 4271 heard
344 4221 503 4273 Dricbthelm
528 4226 632 4272 recoum
657 4221 813 4271 adamim
968 4289 1016 4335 0²
