2888 4852
348 413 414 477 456
604 427 738 475 nouum
763 427 811 474 on
834 426 1041 476 wannovna

394 642 444 705 Do
457 649 536 706 sacto
544 641 658 727 prelio
674 642 754 727 rapis
768 640 953 706 moroan
965 649 1073 706 cosdra
1089 641 1271 705 Cauiorum.

190 784 338 826 saumas.
403 765 503 830 Tunc
528 786 592 830 rex
619 766 845 830 Eadmundus
874 765 911 828 in
937 764 1193 829 west-saxam
1224 784 1315 846 pro-

352 865 464 930 fectus
481 866 652 931 Cuutonis
674 885 896 949 progressum
913 865 1068 947 graviter
1083 863 1288 946 exploravit
1302 883 1312 942 3

354 973 391 1029 et
416 965 532 1030 Cuuto
556 965 724 1029 Marciam
750 966 968 1048 praedaturus
995 965 1197 1041 ascendens,
1223 963 1312 1027 inde

354 1066 390 1130 in
407 1065 563 1130 homines
581 1066 732 1147 regionis
754 1065 939 1129 crudeliter
960 1065 1116 1129 desaevit.
1167 1062 1220 1127 At
1241 1083 1313 1127 rex

356 1165 581 1230 Eadmundus
607 1165 699 1247 apud
717 1159 972 1229 'Essendonam
995 1165 1151 1229 hostibus
1182 1183 1315 1228 excur-

355 1285 447 1342 rens,
472 1265 665 1348 triplicibus
687 1265 820 1328 insidiis
844 1264 936 1329 acies
967 1265 1145 1342 instruxit,
1172 1270 1313 1328 turmas

356 1365 526 1443 circuivit,
543 1373 661 1430 monet
682 1373 732 1442 ut,
755 1383 921 1430 memores
938 1365 1094 1448 pristinae
1109 1364 1248 1429 virtutis
1274 1373 1314 1428 et

356 1465 524 1542 victoriae,
542 1485 618 1529 sese
636 1484 848 1548 regnumque
870 1484 969 1528 suum
995 1466 1039 1529 ab
1057 1463 1206 1528 avaritia
1225 1464 1312 1527 bar-

356 1566 516 1630 barorum
546 1564 744 1642 defendant,
766 1583 847 1627 nam
875 1585 953 1629 cum
975 1564 1045 1629 illis
1069 1565 1193 1628 leviter
1214 1561 1312 1628 affir-

357 1672 430 1728 mat
446 1684 549 1748 posse
565 1672 739 1728 certamen
754 1664 854 1742 inire,
871 1684 958 1747 quos
976 1672 1082 1729 antea
1102 1684 1195 1746 saepe
1213 1664 1311 1728 rice-

357 1772 450 1828 runt.
502 1763 602 1828 Tunc
621 1763 857 1842 Eadmundus‚
873 1765 974 1845 signo
990 1765 1062 1828 suis
1079 1764 1173 1841 dato,
1190 1765 1313 1829 subito

358 1884 441 1928 suos
475 1864 592 1929 hostes
630 1865 787 1944 invasit3
828 1865 970 1928 summis
1007 1864 1113 1946 igitur
1144 1864 1313 1946 utrinque

359 1964 490 2028 viribus
522 1963 715 2043 dimicatur,
746 1971 913 2028 corruunt
947 1984 993 2028 ex
1030 1973 1176 2048 utraque
1209 1973 1314 2045 parte

358 2065 471 2141 multi,
504 2063 565 2128 sed
598 2062 705 2145 Angli
731 2070 847 2128 tamen
879 2065 999 2128 martis
1031 2065 1108 2128 alea
1141 2063 1315 2146 praevale·

359 2164 455 2227 bant.
519 2162 693 2246 Apparuit
722 2172 838 2228 autem
873 2165 920 2228 ibi
952 2165 1062 2228 virtus
1092 2165 1183 2246 regis
1215 2164 1313 2228 Ead-

360 2263 491 2338 mundi‚
516 2265 589 2345 qui,
616 2283 693 2327 cum
720 2263 842 2328 Dunos
873 2264 976 2328 solito
1007 2265 1121 2327 acrius
1153 2284 1313 2346 pugnare

361 2363 505 2440 videret,
523 2364 643 2427 relicto
659 2364 755 2445 regio
771 2364 861 2441 loco,
878 2365 938 2447 qui
955 2385 999 2428 ex
1016 2383 1111 2429 more
1130 2372 1205 2428 crat
1219 2365 1314 2429 inter

361 2462 543 2527 dracunem
571 2470 606 2526 et
639 2464 875 2541 standardum,
901 2466 1096 2547 penetravit
1126 2465 1217 2528 acies
1248 2467 1314 2540 obe

362 2570 509 2640 stantes,
533 2563 650 2645 gladio
668 2564 758 2626 viam
783 2566 951 2647 aperiam,
974 2572 1009 2629 ct
1023 2566 1068 2629 ad
1091 2564 1229 2628 modum
1245 2564 1315 2629 ful-

361 2663 463 2725 minis
486 2665 626 2744 agmina
649 2662 781 2726 findens
805 2664 866 2728 illa
885 2666 1109 2747 sequentibus
1134 2685 1171 2727 se
1191 2674 1314 2729 conte-

362 2762 468 2826 renda
483 2763 634 2846 reliquit.
684 2763 770 2827 Inde
788 2765 822 2826 in
838 2765 945 2828 aciem
958 2763 1127 2829 Cnutonis
1143 2765 1314 2829 advolans

362 2863 545 2926 clamorem
571 2864 721 2927 acierum
750 2865 918 2928 excitavit
946 2865 1173 2944 horrendum;
1201 2865 1241 2929 fit
1264 2867 1315 2929 ibi

362 2962 452 3026 inter
470 2969 587 3044 partes
604 2963 785 3028 conflictus
802 2965 1038 3046 gravissimus,
1057 2965 1116 3028 sed
1135 2985 1212 3028 cum
1229 2986 1312 3048 pro-

362 3063 454 3126 ditor
470 3063 540 3126 dux
562 3063 730 3126 Eadricus
752 3065 844 3127 acies
862 3065 1041 3129 Danorum
1056 3066 1188 3130 videret
1212 3065 1312 3129 incli-

364 3170 477 3238 nataS,
509 3183 587 3227 cum
617 3183 738 3239 cuneo,
770 3166 825 3226 cui
860 3174 1019 3246 praeerat,
1044 3166 1088 3228 ad
1115 3165 1309 3230 Cnutonern

364 3262 533 3343 confugit,
564 3270 603 3326 ut
637 3264 733 3345 prius
768 3263 880 3328 suerat
909 3265 999 3328 intor
1031 3286 1090 3329 eos
1124 3266 1314 3348 provisum,

364 3363 453 3425 unde
473 3362 566 3425 Dani
589 3363 748 3426 fortiores
771 3363 883 3427 offecti
906 3364 1088 3428 dolendam
1115 3386 1159 3430 ex
1185 3364 1312 3446 Anglis

363 3469 514 3542 stragem
533 3462 697 3526 fecerunt.
751 3463 963 3529 Corruerunt
987 3474 1101 3530 autem
1119 3485 1163 3529 ex
1186 3467 1235 3529 eis
1251 3466 1313 3529 du·-

363 3579 421 3622 ces
444 3561 588 3637 nobiles,
606 3561 760 3626 Alfricus
783 3572 819 3627 et
835 3563 1038 3642 GoduinuS,
1056 3564 1257 3630 Usketollus
1278 3574 1314 3630 et

365 3659 456 3721 iilius
482 3660 558 3744 ejus
592 3660 840 3740 EthelwolduS,
869 3672 904 3727 ot
932 3665 998 3729 Dei
1030 3665 1159 3729 amicus
1192 3665 1313 3729 Ethel-

364 3759 487 3837 winus,
507 3753 519 3790 ²
526 3760 730 3824 Eadnothus
746 3782 897 3846 quoque,
919 3763 1225 3829 Dorkacestrensis
1240 3767 1315 3848 epi-

404 4008 411 4040 ¹
425 4013 588 4061 Essendonom
600 4014 622 4076 ;]
646 4015 774 4075 supposed
794 4016 827 4075 by
838 4016 840 4083 i
887 4012 1047 4065 ²Eudnotitua
1058 4032 1163 4081 pumat.
1174 4054 1180 4067 .
1191 4023 1231 4067 ‚et
1241 4019 1318 4068 addua

364 4081 476 4130 Canrden
488 4089 513 4131 to
528 4083 593 4133 have
612 4083 839 4146 beennshdown,1
858 4086 960 4144 Wlsius,
981 4081 992 4153 ]
1021 4089 1080 4148 ‘qui
1103 4088 1135 4135 ad
1158 4090 1315 4138 exorandum

363 4166 401 4211 or,
411 4153 546 4215 according
564 4161 589 4203 to
601 4154 708 4217 (libanu,
720 4155 826 4217 Assiug-
836 4138 840 4247 Ι
852 4156 936 4204 Deum
956 4172 1001 4217 pro
1017 4158 1096 4206 nolite
1114 4159 1206 4207 beilum
1223 4167 1316 4222 agente

364 4225 415 4282 ton,
428 4223 454 4270 in
466 4223 557 4273 Essea,
837 4250 839 4279 ι
852 4228 1043 4289 couveneraut5'
1055 4228 1122 4278 Flor.
