2888 4852
421 427 560 475 rimans
584 428 850 479 msroaruauu.
1040 417 1105 482 251

156 591 301 665 operata
318 583 443 662 fuerat,
467 605 545 648 cum
563 585 606 649 ad
624 585 874 650 commilitones
893 586 998 650 occisi
1016 589 1107 669 regis

156 684 383 764 pervenisset,
404 693 486 748 aute
510 686 621 749 lucem
642 693 857 749 recesserunt
882 689 926 750 ab
948 686 1041 764 aula,
1065 708 1107 751 ne

157 780 309 864 deipsis
334 784 445 848 simile
469 784 565 848 fieret
576 785 745 868 judicium
770 792 975 849 metuentes.
1028 786 1108 850 Offa

157 901 295 963 quoque
321 903 384 946 rex
412 884 629 966 magnificus,
646 904 723 947 cum
749 884 790 947 de
816 885 998 948 commisso
1024 885 1107 950 faci·

158 999 241 1044 nore
272 982 512 1047 certitudinem
549 985 784 1067 comperisset,
815 1004 891 1048 sese
920 985 1043 1066 lugens
1071 986 1107 1049 in

159 1080 310 1162 quodam
325 1084 506 1147 coenaculo
529 1083 721 1162 recludens,
736 1103 798 1167 per
814 1091 884 1148 tres
897 1082 971 1147 dies
993 1084 1107 1147 cibum

160 1199 230 1243 non
255 1181 436 1262 gustavit;
470 1183 531 1246 sed
566 1191 693 1262 tamen,
717 1185 798 1247 licet
825 1203 847 1247 a
874 1191 984 1247 morte
1017 1183 1109 1265 regis

160 1279 345 1344 haberetur
369 1281 542 1361 immunis,
569 1283 675 1347 missa
697 1282 917 1365 expeditione
943 1303 1012 1346 non
1034 1303 1109 1347 mo·

160 1379 250 1458 dica,
262 1400 405 1462 regnum
428 1382 646 1447 orientalium
662 1381 857 1464 Anglorum
879 1402 943 1445 suo
965 1382 1109 1464 imperio

161 1480 347 1562 copulavit.
399 1481 548 1546 Sanctus
573 1491 688 1547 autem
706 1480 932 1545 Athclbertus
947 1480 1029 1544 dum
1054 1484 1109 1545 in·

162 1578 306 1644 honeste
330 1582 523 1645 tumulatus
553 1583 711 1645 omnibus
741 1582 872 1645 latebat
897 1582 1109 1662 incognitus,

161 1677 270 1742 donec
293 1699 418 1762 corpus
441 1682 529 1765 ejus,
545 1682 676 1746 caelesti
697 1681 826 1745 lumine
840 1680 1065 1758 declaratum,
1088 1699 1111 1744 a

164 1776 321 1841 fidelibus
350 1779 528 1845 inventum
552 1789 587 1844 et
617 1781 708 1864 apud
737 1780 1028 1845 Herefordensem
1050 1781 1109 1844 de·

162 1875 271 1940 latum
287 1878 476 1957 civitatem,
500 1900 591 1943 nunc
617 1882 733 1944 sedem
760 1881 989 1964 episcopalem
1006 1880 1110 1943 mira·

163 1975 249 2039 culis
263 1987 423 2057 exornat,
438 1979 626 2044 virtutibus
641 1981 805 2044 illustrat.

211 2150 261 2214 De
277 2160 371 2215 morte
385 2147 559 2230 Jaiotertt,
578 2153 815 2217 Oootooriecaia
829 2152 1061 2239 orclioptbcopi.

215 2272 321 2338 Anno
340 2276 480 2339 Domini
498 2293 676 2341 occxcru.
694 2276 717 2339 J
721 2277 910 2354 ainbertus,
927 2276 1112 2342 cantuari·
1126 2302 1182 2342 an.
1192 2303 1236 2342 roa.

164 2375 257 2437 ensis
282 2375 571 2460 archiepiscopus,
595 2396 672 2439 cum
689 2370 831 2457 ¹viginti
855 2384 987 2459 septem
1013 2352 1247 2443 annisffldeir'o.

165 2474 281 2537 sedem
310 2476 481 2539 laboriose
513 2475 614 2539 nimis
648 2476 828 2551 tenuisset,
861 2476 950 2539 diem
989 2477 1114 2541 clausit

165 2581 383 2654 extremum3
411 2595 480 2658 quo
503 2575 594 2658 apud
620 2582 778 2639 sanctum
803 2573 1039 2656 Augustinum
1061 2596 1113 2640 se-

166 2674 264 2756 pulto
279 2675 314 2737 in
336 2674 503 2758 capitulo,
517 2673 741 2751 Athelardus,
755 2674 941 2738 Wentanae
962 2675 1115 2740 civitatis

166 2769 552 2855 episcopus,²tredecim
569 2774 860 2838 annissuccessit.
884 2774 1015 2838 Eodem
1024 2793 1116 2840 anno

167 2872 379 2951 Eanbaldus,
398 2873 626 2937 Eboracensis
644 2874 935 2957 archiepiscopus,
954 2873 1115 2955 [Baldul·

166 2970 255 3052 fum]
279 2973 370 3054 apud
385 2972 555 3052 Witerne,
578 2993 655 3055 quae
677 2973 801 3037 Latine
818 2972 997 3037 ‘Candida
1014 2973 1116 3038 casa'

164 3070 302 3148 dicitur,
319 3072 517 3155 episcopum
532 3073 759 3137 consecravit.

196 3246 245 3309 Do
257 3246 427 3311 iooeotiooo
441 3245 542 3310 achai
556 3244 688 3322 Albani,
697 3244 941 3330 protomartyris
954 3243 1090 3330 Aaqttae.

218 3370 347 3434 Eodem
373 3389 465 3433 anno
481 3362 590 3446 ³offa‚
604 3389 667 3434 rex
689 3368 1261 3451 Merciorumpotentissi.fm‚,1,„⁰¹¹

166 3489 255 3547 mus,
272 3490 350 3533 cum
363 3469 398 3532 in
414 3470 497 3532 urbe
514 3469 690 3533 Bathonia
705 3469 872 3544 residem,
889 3475 969 3551 post
985 3468 1054 3532 diei
1064 3469 1114 3532 la.
1127 3445 1178 3485 ⁰¹⁸·
1188 3444 1264 3484 ΛΜ·

208 3661 331 3725 ¹Vr'gr'ati
351 3661 469 3725 reptem]
495 3661 628 3711 Therelore
653 3662 678 3709 in
692 3665 750 3710 805.
775 3661 823 3710 See
834 3661 912 3722 Angl.
924 3661 995 3712 Sacr.
1006 3662 1024 3711 i.
1036 3678 1062 3723 p.
1075 3667 1117 3714 96.

167 3735 207 3784 his
229 3733 305 3781 death
322 3733 344 3781 ie
363 3731 422 3780 here
445 3730 536 3792 placed
559 3730 628 3779 three
687 3728 781 3794 'offra
799 3745 844 3779 rex
863 3731 1119 3794 Merciorum.]'1'hie

168 3808 293 3865 year-otoo
304 3803 365 3862 late,
379 3815 409 3850 as
428 3801 468 3849 hie
484 3801 629 3849 succeseion
653 3799 759 3862 history,
770 3799 895 3862 compiled
914 3802 1037 3862 probably
1054 3801 1117 3850 from

168 3871 423 3923 totheeceiadated
440 3871 519 3919 above
534 3871 630 3920 tutos.
654 3869 696 3918 the
715 3871 771 3920 MS.
783 3870 827 3919 lise
846 3871 875 3919 of
889 3870 949 3919 offa
962 3871 1080 3933 formerly
1091 3876 1118 3921 at

169 3946 216 3994 See
228 3943 305 4005 Angl.
316 3943 387 3991 Sacr.
399 3943 416 3990 i.
429 3957 455 4002 p.
467 3945 509 3990 96.
655 3940 681 3988 S.
693 3939 808 4001 Alban's,
826 3940 920 4000 quoted
939 3941 972 4001 by
989 3941 1118 4003 Spelmau,

203 4011 213 4040 ²
236 4012 360 4061 Tredecim
382 4010 482 4074 ortam]
511 4011 631 4058 Florencc
655 4024 765 4071 appears
782 4009 821 4057 sor
838 4009 880 4058 the
897 4015 961 4058 most
980 4015 1036 4070 part
1047 4011 1117 4059 word

168 4083 218 4132 and
241 4083 282 4131 the
305 4083 365 4130 Sar.
384 4081 478 4131 Cbron.
503 4080 632 4141 placebis
656 4080 694 4128 ior
705 4080 775 4128 word
787 4081 812 4128 in
831 4079 954 4128 Matthew
967 4080 1063 4128 l'aris's
1074 4079 1119 4127 life

168 4155 274 4203 election
302 4154 326 4200 in
350 4155 408 4213 wo,
427 4151 477 4200 and
497 4150 537 4199 his
555 4150 631 4199 death
656 4149 685 4198 ol
693 4151 762 4210 (llla,
772 4150 813 4199 ed.
824 4150 904 4209 wate,
918 4164 947 4198 as
964 4149 1018 4198 also
1035 4150 1060 4197 iu
1076 4149 1119 4198 tho

169 4225 194 4271 iu
223 4227 291 4282 80³3
319 4223 339 4270 it
361 4223 384 4269 ia
406 4220 527 4270 recorded
550 4221 631 4269 below
658 4220 772 4269 ActSS.
786 4219 906 4269 mnne.
