2888 4852
359 424 424 487 330
617 440 750 487 nocnnr
774 441 820 486 nu
846 440 1051 488 wnunovnn

419 673 468 736 Da
482 671 574 738 acilio
586 672 693 759 crepat
708 671 787 759 repis
803 671 936 756 Alsr'oda'
950 670 1040 757 opud
1051 669 1252 756 Etlelicpeic.

196 814 299 855 rernm.
358 842 361 847 Δ
410 797 474 861 Est
491 798 587 862 locus
610 800 646 861 in
666 799 796 862 ultimis
811 797 1004 879 Anglorum
1030 796 1161 860 finibus
1181 796 1224 860 ad
1251 816 1311 860 oc·

196 865 253 903 exlle
261 870 284 904 at

196 914 313 964 Athelnevs
358 896 528 961 oidentem
543 891 570 950 ¹⁴
584 896 821 979 Ethelingeie,’
844 897 878 959 id
902 903 956 960 est
982 895 1160 960 Nobilium
1183 896 1310 973 insula,

357 997 566 1079 appellatus,
582 999 765 1079 paludibus
779 998 931 1079 undique
946 996 1194 1078 circumseptus
1208 1003 1243 1058 et
1259 995 1310 1059 ita

357 1095 567 1174 inaccessus,
584 1105 706 1162 utnon
723 1097 789 1160 nisi
806 1096 946 1177 navigio
961 1102 1068 1177 queat
1084 1095 1184 1159 adiri.
1230 1094 1308 1158 Ha·

358 1195 416 1258 bet
432 1195 586 1259 alnetum
603 1197 717 1260 insula
739 1196 1003 1278 permaximum,
1018 1194 1111 1277 quod
1129 1214 1249 1258 cervos
1272 1202 1308 1259 et

357 1312 480 1376 capras
500 1302 536 1359 et
555 1295 648 1360 illius
673 1295 809 1377 generis
834 1295 963 1359 bestias
987 1295 1143 1359 continet
1165 1294 1306 1371 multas,

357 1399 485 1457 terram
506 1394 652 1459 solidam
670 1395 731 1460 vix
750 1394 928 1476 [duorum]
949 1394 1112 1477 jugerum
1135 1393 1239 1457 habet
1255 1393 1306 1458 la-

356 1498 440 1570 tam,
464 1495 814 1576 quantulamcumque
839 1493 1018 1576 planitiem
1053 1495 1088 1557 in
1116 1492 1229 1556 medio
1251 1513 1305 1557 re-

355 1597 511 1672 tentam3
545 1593 633 1658 hanc
658 1614 720 1657 rex
748 1592 924 1669 Alfrodus,
948 1593 1069 1675 paucis
1100 1592 1303 1657 commilito·

354 1691 456 1754 nibus
472 1712 559 1774 quos
580 1693 731 1757 habebat
746 1713 819 1776 prae
833 1693 951 1762 dolore
968 1693 1109 1770 relictis,
1124 1699 1164 1755 ut
1184 1691 1302 1756 hostes

353 1789 489 1869 lateret,
506 1792 601 1855 solus
623 1793 758 1874 petivit,
784 1793 843 1855 ubi
865 1791 1044 1875 cujusdam
1067 1791 1178 1873 ignoti
1196 1799 1301 1872 tugu-

352 1889 440 1952 rium
457 1892 670 1973 prospiciens
696 1892 739 1954 ad
755 1891 841 1954 illud
863 1891 1016 1967 divertit,
1029 1891 1217 1973 hospitium
1240 1910 1301 1972 pe-

353 1989 410 2053 tiit
425 1998 461 2054 et
478 1989 623 2072 accepit,
641 1991 699 2053 ubi
712 2011 774 2073 per
788 1990 861 2053 dies
879 1990 1012 2071 aliquot
1029 1989 1154 2072 hospes
1169 1998 1204 2054 et
1220 2010 1299 2071 ege-

351 2107 429 2167 nus,
447 2089 566 2172 illique
581 2097 617 2154 ct
634 2090 709 2174 ejus
724 2090 827 2153 uxori
842 2089 1013 2166 subdituS,
1030 2091 1200 2171 rebusque
1212 2109 1299 2153 con·

351 2194 468 2252 tentus
496 2189 656 2267 minimis,
681 2189 871 2253 habitabat.
924 2189 1005 2253 Rex
1021 2190 1299 2270 auteminterro·

350 2294 466 2367 gatus,
481 2290 559 2370 quis
579 2296 671 2352 esset
687 2296 748 2352 aut
762 2288 845 2370 quid
866 2288 903 2350 in
918 2288 995 2352 loco
1017 2287 1153 2353 deserto
1167 2308 1300 2370 quaere·

349 2391 415 2461 ret,
428 2388 617 2470 respondit,
640 2407 677 2451 se
694 2388 785 2469 regis
802 2407 878 2451 esso
894 2386 1088 2451 ministrum
1103 2395 1232 2452 etcum
1257 2409 1298 2452 eo

348 2485 386 2548 in
412 2486 532 2567 praelio
555 2487 697 2564 victum,
721 2494 825 2568 atquo
851 2487 901 2550 sic
926 2487 1145 2569 insequentes
1176 2487 1298 2551 adver-

348 2585 459 2648 sarios
483 2585 670 2667 fugientem
695 2586 778 2650 illuc
803 2587 1023 2667 pervenisse;
1044 2588 1209 2650 subulcus
1229 2588 1296 2668 igi·

350 2689 408 2747 tur
435 2686 550 2749 verbis
581 2686 675 2749 illius
701 2685 873 2763 credulus,
901 2695 1015 2749 motus
1042 2688 1185 2768 pietate,
1211 2706 1295 2751 cura

348 2781 507 2865 diligenti
521 2786 553 2848 ei
568 2787 649 2850 vitae
667 2786 861 2850 necessaria
874 2786 1093 2849 ministravit.
1141 2784 1297 2868 Contigit

347 2891 463 2947 autem
481 2885 675 2963 subulcum,
691 2886 733 2950 de
750 2905 856 2962 more,
873 2885 929 2948 die
942 2884 1091 2965 quadam
1111 2905 1233 2967 porcos
1251 2886 1295 2949 ad

346 2983 450 3047 solita
464 3004 587 3065 cogere
604 3004 734 3066 pascua
750 2993 785 3049 et
800 3004 915 3066 regem
931 2984 1042 3048 solum
1060 3004 1138 3048 cnm
1160 2984 1295 3048 subulci

347 3100 455 3146 uxore
477 3084 569 3147 domi
597 3085 765 3164 residere3
792 3104 940 3166 cumque
964 3084 1086 3147 mulier
1104 3084 1165 3147 illa
1186 3104 1294 3166 panes

345 3182 596 3247 subcinericeos
609 3183 644 3247 in
660 3185 742 3265 igne
764 3183 808 3247 ad
824 3182 1040 3266 coquendum
1063 3185 1237 3265 posuisset
1258 3191 1294 3248 et

344 3281 421 3343 aliis
453 3283 588 3346 intenta
620 3283 767 3364 negotiis
792 3302 900 3364 panes
927 3283 1069 3346 adustos
1098 3284 1292 3365 conspexit,

343 3398 426 3443 mox
442 3379 622 3462 indignata
636 3402 752 3463 regem
768 3382 972 3464 increpavit,
990 3382 1118 3460 dicens,

423 3528 535 3587 ‘Urere
548 3549 619 3605 qnos
633 3530 725 3586 cernis
739 3549 834 3606 panes,
848 3531 942 3606 girare
956 3530 1084 3600 moraris,

442 3625 516 3683 Cum
529 3625 646 3682 nimium
659 3624 766 3701 gaudes
779 3625 832 3683 bos
844 3625 1014 3684 manducare
1028 3626 1169 3684 calentes!

340 3765 389 3831 At
418 3787 481 3830 rex
512 3768 660 3830 demisso
690 3770 802 3847 vultu,
826 3770 978 3833 mulieris
1002 3769 1183 3834 lacessitus
1205 3789 1288 3833 con-

374 4003 581 4076 ¹Ethrlingeie.]
610 4009 746 4071 Athelney,
770 4010 796 4057 in
821 4010 947 4059 reference
974 4018 1000 4060 to
1022 4006 1148 4060 Aelfred's
1175 4012 1285 4062 reduced

336 4080 537 4140 Somersetshire,
573 4094 635 4127 near
672 4080 796 4129 Taunton.
821 4080 1013 4142 condition,‘ut
1024 4083 1108 4130 invita
1117 4084 1197 4130 sancti
1206 4084 1285 4143 patris

335 4151 388 4199 Tho
400 4156 467 4211 story
477 4150 606 4211 following
617 4164 725 4210 appears
733 4150 796 4198 from
823 4150 898 4198 Necti
909 4148 1017 4212 legitur‚’
1026 4157 1050 4200 to
1062 4152 1125 4200 have
1134 4153 1196 4202 been
1207 4153 1284 4202 taken

335 4235 368 4269 an
387 4221 532 4281 expression
551 4218 614 4268 used
628 4219 662 4279 hy
673 4220 753 4269 Auser
770 4221 796 4268 in
821 4219 883 4269 from
894 4220 936 4269 the
947 4236 1016 4272 same
1028 4236 1125 4272 source.
