2888 4852
449 442 587 494 anonas
611 441 879 496 ursroamnou',
1071 434 1138 500 aba

185 598 357 657 saxonum
380 615 441 658 rex
455 597 631 677 pacificus,
648 597 739 659 inter
758 595 828 659 alia
844 597 935 660 bona
955 599 1136 679 praesentis

185 691 268 756 vitae
295 695 422 771 studia,
450 696 492 759 de
519 716 583 759 suo
609 697 758 759 transitu
781 696 825 758 ad
848 698 939 759 viam
965 697 1135 760 universi-

186 792 269 854 tatis
301 796 470 875 cogitans,
505 816 549 859 ne
574 795 635 857 filii
662 795 737 878 ejus
763 804 843 878 post
868 796 999 860 obitum
1032 816 1132 861 suum

184 889 275 954 inter
297 913 335 956 se
358 894 601 977 disceptarent,
619 894 870 959 haereditariam
894 897 1043 960 scribere
1059 897 1249 979 epi-savum

183 990 309 1054 stolam
340 993 534 1075 imperavit,
559 994 595 1056 in
628 1013 699 1077 qua
728 1002 764 1058 et
791 995 890 1076 regni
921 997 1012 1059 inter
1042 996 1131 1061 filios

183 1087 430 1155 Athelbaldum
456 1101 492 1157 et
516 1092 767 1171 Ethelbertum,
790 1103 825 1158 et
846 1095 937 1158 inter
959 1095 1064 1158 filiam
1096 1104 1131 1160 et

183 1191 394 1272 propinquos
417 1212 458 1255 ac
481 1193 578 1274 regni
600 1194 654 1255 sui
680 1193 812 1257 nobiles
835 1214 1004 1257 summam
1025 1214 1130 1277 pecu·

183 1289 330 1368 uiarum,
345 1311 423 1374 quae
440 1299 519 1374 post
540 1311 578 1354 se
600 1300 808 1375 superesset,
823 1293 1026 1359 divisionem
1041 1295 1131 1358 ordi·

183 1389 344 1454 nabiliter
361 1391 525 1454 mandare
546 1391 656 1455 literis
678 1394 887 1472 procuravit.
940 1393 1011 1457 Pro
1035 1393 1131 1477 utili7

183 1494 256 1552 tate
284 1490 407 1553 animae
445 1509 518 1554 suae
551 1499 587 1554 et
619 1491 732 1555 salute
763 1511 824 1572 per
852 1512 954 1556 omne
982 1513 1128 1574 regnum

181 1607 283 1651 suum
318 1609 453 1673 semper
477 1591 513 1653 in
541 1590 657 1654 decem
688 1590 776 1654 hidis
808 1591 863 1656 vel
892 1593 1128 1656 mansionibus

181 1707 366 1771 pauperem
389 1709 494 1752 unum
519 1690 715 1771 indigenam
732 1690 788 1754 vel
803 1692 1021 1772 peregrinum
1038 1692 1128 1770 cibo,

180 1796 267 1869 potu
293 1797 329 1852 et
349 1791 573 1871 operimento,
595 1791 849 1854 successoribus
871 1790 943 1854 suis
961 1811 1070 1875 usque
1090 1793 1127 1855 in

181 1887 282 1950 finem
305 1889 413 1952 seculi
429 1896 508 1971 post
529 1909 566 1953 se
584 1908 724 1971 pascere
749 1891 925 1972 praecepit,
943 1891 994 1954 ita
1009 1899 1126 1954 tamen

180 1995 220 2050 ut
241 1989 271 2050 si
291 1994 383 2052 terra
405 1989 466 2052 illa
488 1989 667 2072 pecoribus
690 1989 880 2054 abundaret
903 1997 939 2054 et
957 1992 1002 2053 ab
1018 1990 1127 2055 homi·

180 2087 281 2150 nibus
308 2088 488 2152 coleretur.
550 2088 673 2152 Romae
704 2097 819 2152 autem
847 2089 994 2170 singulis
1025 2091 1126 2154 annis

181 2179 368 2252 ¹trecentas
391 2187 610 2251 denariorum
633 2207 817 2252 mancusas
838 2189 970 2271 portari
996 2208 1126 2272 praece·

177 2285 241 2369 pit,
254 2288 314 2369 qui
336 2287 453 2351 taliter
466 2287 701 2352 dividerentur
715 2287 854 2364 ibidem,
869 2297 1006 2352 centum
1026 2308 1124 2353 man·

179 2405 280 2450 cusas
320 2387 453 2450 scilicet
491 2388 527 2450 in
560 2386 724 2451 honorem
759 2388 872 2452 sancti
906 2387 1002 2452 Petri
1022 2407 1124 2470 apo·
1230 2446 1232 2450 ,

178 2487 346 2550 stolorum
382 2486 547 2569 principis
591 2486 634 2549 ad
672 2486 851 2551 emendum
892 2488 1018 2565 oleum,
1055 2507 1125 2569 quo

177 2585 400 2667 implerentur
430 2587 546 2650 omnia
578 2585 761 2650 luminaria
788 2576 943 2650 'ecclesiae
985 2594 1127 2670 aposto-

176 2684 252 2749 licae
275 2686 311 2748 in
335 2704 481 2767 vespera
507 2684 665 2763 Paschae,
692 2692 729 2749 et
754 2686 956 2750 tantundem
980 2685 1017 2748 in
1041 2685 1126 2766 galli

177 2792 294 2861 cantu,
320 2792 355 2849 et
379 2792 516 2848 centum
541 2785 666 2848 ibidem
688 2804 871 2849 mancusas
895 2786 932 2848 in
961 2784 1124 2849 honorem

175 2884 291 2960 ,sancti
308 2884 411 2948 Pauli
434 2883 562 2948 eisdem
585 2885 627 2948 de
651 2886 778 2961 causis,
796 2892 933 2948 eentum
957 2893 1126 2965 praeterea

177 3003 360 3048 mancusas
382 2984 571 3048 universali
593 3002 693 3067 papae
716 2985 882 3066 praecepit
903 2983 1058 3047 exhiberi
1079 2983 1125 3047 ad

175 3095 259 3148 suas
285 3084 520 3167 eleemosynas
547 3083 775 3166 ampliandas.
828 3083 902 3147 Iste
923 3089 1039 3147 autem
1061 3102 1125 3146 rex

173 3174 254 3248 'Deo
281 3184 427 3247 devotus
456 3191 538 3246 ante
560 3183 692 3247 obitum
717 3183 861 3263 Egberti
892 3182 984 3264 regis
1014 3183 1125 3264 patris

176 3284 231 3346 sui
246 3277 448 3347 ²Wentanae
469 3282 563 3346 urbis
587 3282 700 3344 suerat
724 3283 906 3365 episcopus
931 3281 1125 3359 ordinatus,

176 3383 235 3447 sed
259 3392 358 3465 patre
375 3382 549 3458 defuneto,
570 3381 651 3445 licet
668 3382 814 3445 multum
834 3400 1045 3464 repugnans,
1061 3398 1125 3444 rex

176 3491 314 3547 creatus
330 3491 395 3560 est,
410 3502 489 3546 cum
513 3501 583 3547 non
608 3488 700 3546 esset
716 3481 806 3545 alius
820 3481 863 3544 de
879 3482 975 3563 regio
998 3500 1124 3562 genere

175 3584 236 3664 qui
258 3600 404 3664 regnare
417 3581 604 3646 debuisset.
620 3648 638 3668 ,ι
656 3581 812 3664 Tandem
826 3601 903 3645 cum
920 3601 982 3645 rex
998 3579 1122 3666 Athel-

208 3750 359 3802 ¹Treeeutas
385 3753 538 3800 demtiorm
567 3765 635 3798 moa·
657 3747 841 3798 ‘denariorum'
859 3748 886 3796 in
908 3747 951 3797 the
973 3752 1028 3797 text
1048 3748 1071 3797 is
1089 3762 1123 3798 an

172 3824 279 3887 cumr]
308 3824 455 3871 ‘trecentas
483 3818 635 3881 mancusas,’
657 3818 843 3880 interpolation.

170 3895 259 3944 Aeser.
294 3891 379 3941 Thorn
397 3892 460 3940 calls
477 3891 519 3939 the
537 3904 635 3952 manea,
1081 3917 1083 3920 >

172 3980 201 4014 or
222 3976 353 4022 mancum,
378 3962 387 3990 ‘
399 3961 499 4023 pondus
526 3960 634 4010 duorum
693 3953 926 4006 'Westmsrbis
934 3955 1124 4018 sueratepisro·

171 4034 310 4085 solidorum
337 4035 363 4081 et
385 4046 431 4080 sex
457 4029 636 4090 denariorum,'
656 4027 725 4091 pua]
743 4027 777 4076 So
797 4025 975 4088 Huntingdon,
986 4040 1012 4086 p.
1025 4027 1088 4086 ³⁴⁸3
1105 4040 1123 4075 ι
1159 4045 1163 4053 ·

172 4105 248 4167 equal
259 4107 285 4151 to
296 4116 372 4152 seven
389 4101 506 4162 shillings
521 4100 572 4149 and
583 4101 635 4148 six·
659 4102 742 4159 report
749 4096 834 4145 which
845 4095 968 4158 probably
976 4109 1047 4144 arose
1058 4093 1122 4143 from

172 4188 251 4238 peuce
269 4172 299 4222 of
314 4173 356 4221 the
375 4177 476 4233 present
491 4170 551 4232 day.
587 4170 635 4219 See
659 4167 700 4216 his
722 4168 792 4229 piety
809 4166 860 4216 and
878 4165 1014 4229 peaeeable
1037 4164 1124 4227 dispo·

172 4245 301 4308 Spelman,
319 4242 406 4295 Gloss.
433 4241 467 4291 ad
489 4255 540 4291 voc.
579 4239 634 4290 The
659 4237 743 4288 sitium
