2888 4852
359 399 425 464 148
618 415 753 465 nocent
778 416 824 464 nn
847 415 1055 465 wranovua

198 589 305 681 ourffi
362 574 537 640 Successit
566 576 598 638 ei
630 575 665 638 in
699 595 842 657 regnum
869 574 1052 639 Deirorum
1078 566 1315 648 ¹Oidwaldus,

198 652 247 682 '¹¹⁰⁰
362 674 453 738 filius
469 673 624 739 Oswaldi
646 676 750 758 regis,
763 694 865 757 quem
888 675 1008 755 regina
1029 672 1198 737 Eaufleda
1220 671 1314 752 regis

364 774 522 839 Eadwini
548 775 620 838 filia
647 777 835 857 generavit.
889 774 978 838 Post
1004 781 1149 837 mortem
1168 771 1316 847 Oswini,

364 873 543 939 duodecim
562 874 682 940 diebus
700 875 861 953 evolutis
879 872 1035 938 Aidauus
1059 873 1255 956 episeopus,
1269 871 1315 936 ab

365 974 430 1038 hoc
444 976 573 1039 saeculo
589 975 760 1053 sublatus,
776 980 944 1058 perpetua
958 974 1115 1037 laborum
1130 991 1272 1036 suorum
1294 990 1318 1034 a

202 1088 272 1178 3133
273 1085 354 1177 ἔξω
367 1075 444 1138 Deo
463 1076 606 1157 praemia
628 1076 771 1159 recepit.
824 1073 999 1138 Successit
1019 1073 1051 1137 ei
1076 1074 1113 1136 in
1134 1073 1316 1155 episcopa·

205 1190 272 1229 ame·
367 1182 439 1239 tum
468 1174 782 1239 lindisfarnensem
799 1168 987 1251 ²Finanus,
1011 1173 1152 1237 natione
1177 1170 1316 1246 Scotus,

368 1273 427 1338 sed
442 1294 551 1357 parvo
569 1282 723 1357 tempore
739 1275 775 1338 iu
789 1274 992 1357 episcopatu
1008 1271 1212 1356 permansit.

438 1450 489 1514 De
502 1448 659 1527 mutuala
674 1449 728 1535 qui
743 1449 859 1513 inuitus
873 1445 1053 1513 trahebatur
1069 1446 1114 1510 ad
1127 1444 1247 1510 bollum

207 1607 317 1647 pm„
419 1569 524 1636 Auno
549 1573 673 1653 gretiae
696 1589 806 1636 noun.
829 1592 892 1637 rex
909 1565 1076 1654 ³Egricus
1100 1570 1318 1636 orientalium

207 1656 360 1746 mim
369 1668 562 1754 Anglorum
575 1691 597 1734 a
614 1671 735 1736 Penda
752 1692 833 1754 rege
850 1672 1058 1736 Merciorum
1071 1671 1161 1736 bello
1178 1690 1322 1736 exacer-

206 1757 296 1807 ⁸¹¹⁸¹“³
369 1772 484 1848 batus,
501 1771 581 1834 dum
598 1791 673 1836 sese
696 1772 852 1836 hostibus
876 1771 1070 1837 inferiorem
1091 1771 1320 1854 conspiceret,

370 1873 508 1953 rogavit
526 1872 811 1955 praedecessorem
837 1892 938 1936 suum
960 1872 1177 1954 sigebertum
1200 1890 1321 1935 mona-

370 1971 484 2048 chum,
502 1971 631 2054 dequo
653 1974 812 2053 superius
835 1972 1189 2048 commemoravimus,
1213 1977 1252 2035 ut
1275 1970 1319 2034 ad

371 2071 641 2134 confirmandum
666 2074 855 2137 exercitum
882 2091 997 2136 secum
1024 2072 1159 2136 veniret
1181 2070 1224 2135 ad
1247 2071 1321 2135 bel·

371 2169 453 2234 lum.
507 2171 575 2234 Illo
590 2191 673 2235 vero
688 2173 827 2236 nolente
851 2191 893 2235 ac
919 2171 1187 2248 contradicente,
1210 2171 1321 2235 invito

372 2289 426 2346 eo,
444 2269 486 2333 de
504 2271 713 2336 monasterio
730 2272 826 2335 illum
841 2272 1064 2336 extrahentes
1078 2271 1254 2335 duxerunt
1276 2270 1320 2334 ad

372 2377 560 2447 certamen,
584 2381 763 2453 sperantes
786 2371 912 2435 milites
938 2372 1052 2435 minus
1072 2371 1190 2453 fugam
1219 2390 1323 2453 posse

266 2473 268 2476 ’
372 2469 530 2534 meditari
549 2480 719 2552 praesente
733 2491 815 2553 rege
831 2471 1004 2554 quondam
1020 2471 1258 2535 strenuissimo
1280 2490 1322 2535 ac

372 2570 475 2632 rebus
492 2570 624 2635 bellicis
647 2571 802 2650 erudit03
826 2572 887 2635 sed
909 2571 984 2653 ipse
1006 2571 1229 2654 professionis
1247 2590 1322 2635 suae

373 2688 441 2732 non
458 2670 648 2747 immemor,
664 2671 756 2753 quod
778 2672 845 2734 sibi
861 2690 1017 2754 pugnare
1034 2690 1104 2735 non
1119 2671 1229 2747 licuit,
1252 2689 1324 2734 una

211 2781 325 2822 hudenh-
372 2787 449 2831 cum
464 2788 546 2851 rege
569 2769 696 2852 Egrico
716 2770 850 2834 occisus
865 2779 930 2847 est,
948 2779 984 2836 et
1000 2779 1096 2836 totus
1113 2790 1230 2834 eorum
1253 2790 1321 2834 οω-

372 2888 432 2932 sus
453 2868 509 2932 vel
531 2869 707 2953 dispersus
729 2871 911 2934 exercitus.
964 2872 1138 2937 Successit
1164 2871 1196 2934 ei
1218 2868 1325 2933 Anna

373 2967 465 3032 filius
489 2969 555 3032 Eni
579 2970 621 3033 de
646 2971 741 3052 regio
759 2989 897 3050 genere,
912 2971 967 3034 vir
992 2971 1156 3053 optimus,
1182 2970 1225 3034 de
1250 2990 1322 3054 quo

373 3067 409 3130 in
424 3070 646 3150 sequentibus
660 3070 804 3134 dicetur.

405 3244 569 3307 Martinus
578 3266 669 3330 papa
684 3245 819 3310 tarnim
834 3244 1106 3310 Mouothelitummt
1120 3244 1294 3310 damnavit.

211 3396 330 3484 &332¹
425 3365 529 3431 Auno
544 3370 667 3450 gratiae
686 3387 809 3436 neuin.
828 3371 1002 3436 Martinus
1017 3390 1109 3454 papa
1126 3371 1250 3436 Romae
1268 3392 1324 3437 ce·

211 3496 353 3536 mmm,
374 3466 522 3533 lebravit
546 3461 745 3534 ⁴concilium
777 3477 914 3534 centum
945 3479 981 3535 et
1006 3473 1159 3555 quinque
1189 3472 1324 3555 episco-

409 3710 416 3740 ¹
431 3713 595 3778 otriculum]
621 3715 711 3764 Called
733 3716 836 3765 Aethel-
861 3715 912 3765 this
923 3715 1027 3778 chapter
1035 3731 1078 3767 ure
1086 3717 1147 3766 from
1157 3717 1325 3786 bedam.

372 3782 441 3831 wald
466 3783 500 3843 by
516 3784 636 3833 Floreuce
652 3785 681 3833 os
693 3785 837 3835 worcester
861 3783 903 3834 On
914 3785 956 3834 the
968 3786 1121 3850 chronology
1128 3787 1158 3838 ai
1164 3788 1216 3838 this
1226 3790 1326 3852 period,

374 3853 400 3903 in
410 3853 451 3902 his
461 3854 606 3902 successiou
623 3852 652 3904 ot*
665 3854 707 3904 the
719 3854 794 3918 iringo
810 3855 839 3905 ol
860 3869 904 3904 see
915 3854 976 3904 idid.
988 3861 1051 3907 note.

373 3922 462 3974 Deira.
895 3920 905 3954 ⁴
930 3921 1099 3994 Concilium]
1132 3927 1187 3978 The
1214 3928 1325 3979 interm

407 4019 419 4052 ι
430 4023 563 4088 simu]
582 4026 624 4076 He
647 4027 706 4075 died
730 4029 755 4076 in
777 4031 835 4079 661·
860 3995 960 4042 council
978 3995 1038 4044 held
1058 3997 1084 4043 iu
1104 3999 1153 4046 649
1169 3999 1192 4047 is
1210 3999 1271 4049 here
1287 4000 1326 4048 in·

371 4093 422 4142 see
433 4093 492 4144 ιιι
505 4096 550 4146 ss.
562 4096 624 4146 reb.
636 4097 673 4146 ιιι.
685 4113 712 4159 p.
724 4101 765 4146 n.
860 4063 961 4145 “lded·
1011 4064 1066 4114 ”¹⁰
1093 4068 1258 4150 Wlfflin&
1282 4084 1326 4152 ³3⁰

860 4133 960 4194 pnnted
986 4134 1020 4196 by
1044 4135 1174 4200 Hurdum,
1196 4143 1257 4188 tom.
1287 4153 1325 4189 ιιι.

407 4192 418 4223 ²
440 4197 575 4262 Epicu]
602 4199 657 4249 The
679 4204 791 4250 contente
809 4199 840 4250 os
859 4203 978 4254 coleti.
