<?xml version="1.0" encoding="UTF-8"?>
<!DOCTYPE html PUBLIC "-//W3C//DTD XHTML 1.0 Transitional//EN"
    "http://www.w3.org/TR/xhtml1/DTD/xhtml1-transitional.dtd">
<html xmlns="http://www.w3.org/1999/xhtml" xml:lang="en" lang="en">
 <head>
  <title>
</title>
<meta http-equiv="Content-Type" content="text/html;charset=utf-8" />
  <meta name='ocr-system' content='tesseract 3.04.00' />
  <meta name='ocr-capabilities' content='ocr_page ocr_carea ocr_par ocr_line ocrx_word'/>
</head>
<body>
  <div class='ocr_page' id='page_1' title='image "./rogeridewendove04rogegoog_0401.png"; bbox 0 0 2902 5332; ppageno 0'>
   <div class='ocr_carea' id='block_1_1' title="bbox 217 2399 329 2440">
    <p class='ocr_par' dir='ltr' id='par_1_1' title="bbox 217 2399 329 2440">
     <span class='ocr_line' id='line_1_1' title="bbox 217 2399 329 2440; baseline -0.036 0"><span class='ocrx_word' id='word_1_1' title='bbox 217 2400 273 2440; x_wconf 74' lang='grc' dir='ltr'>Μ).</span> <span class='ocrx_word' id='word_1_2' title='bbox 283 2399 329 2438; x_wconf 77' lang='grc'><strong>894.</strong></span> 
     </span>
    </p>
   </div>
   <div class='ocr_carea' id='block_1_2' title="bbox 217 2449 389 2495">
    <p class='ocr_par' dir='ltr' id='par_1_2' title="bbox 217 2449 389 2495">
     <span class='ocr_line' id='line_1_2' title="bbox 217 2449 389 2495; baseline 0 -7"><span class='ocrx_word' id='word_1_3' title='bbox 217 2449 302 2489; x_wconf 77' lang='lat' dir='ltr'>Aelircd</span> <span class='ocrx_word' id='word_1_4' title='bbox 311 2449 346 2489; x_wconf 80' lang='lat' dir='ltr'>do·</span> <span class='ocrx_word' id='word_1_5' title='bbox 382 2479 389 2495; x_wconf 86' lang='lat'>,</span> 
     </span>
    </p>
   </div>
   <div class='ocr_carea' id='block_1_3' title="bbox 218 2499 318 2588">
    <p class='ocr_par' dir='ltr' id='par_1_3' title="bbox 218 2499 318 2588">
     <span class='ocr_line' id='line_1_3' title="bbox 218 2499 318 2539; baseline 0.01 -1"><span class='ocrx_word' id='word_1_6' title='bbox 218 2501 272 2538; x_wconf 76' lang='lat' dir='ltr'>lente</span> <span class='ocrx_word' id='word_1_7' title='bbox 281 2499 318 2539; x_wconf 80' lang='lat' dir='ltr'>tna</span> 
     </span>
     <span class='ocr_line' id='line_1_4' title="bbox 219 2550 297 2588; baseline 0 0"><span class='ocrx_word' id='word_1_8' title='bbox 219 2550 297 2588; x_wconf 69' lang='lat' dir='ltr'>Danu.</span> 
     </span>
    </p>
   </div>
   <div class='ocr_carea' id='block_1_4' title="bbox 363 424 1057 495">
    <p class='ocr_par' dir='ltr' id='par_1_4' title="bbox 363 424 1057 495">
     <span class='ocr_line' id='line_1_5' title="bbox 363 424 1057 495; baseline 0.003 -4"><span class='ocrx_word' id='word_1_9' title='bbox 363 424 431 491; x_wconf 80' lang='lat'>³58</span> <span class='ocrx_word' id='word_1_10' title='bbox 621 444 755 494; x_wconf 78' lang='lat' dir='ltr'>noorai</span> <span class='ocrx_word' id='word_1_11' title='bbox 780 447 827 494; x_wconf 86' lang='lat' dir='ltr'>on</span> <span class='ocrx_word' id='word_1_12' title='bbox 850 445 1057 495; x_wconf 79' lang='lat' dir='ltr'>wuuuovnn</span> 
     </span>
    </p>
   </div>
   <div class='ocr_carea' id='block_1_5' title="bbox 365 602 1330 2076">
    <p class='ocr_par' dir='ltr' id='par_1_5' title="bbox 365 602 1330 2076">
     <span class='ocr_line' id='line_1_6' title="bbox 366 602 1319 687; baseline 0 -21"><span class='ocrx_word' id='word_1_13' title='bbox 366 602 517 667; x_wconf 86' lang='lat' dir='ltr'>vacavit.</span> <span class='ocrx_word' id='word_1_14' title='bbox 570 602 764 669; x_wconf 85' lang='lat' dir='ltr'>Hasteinus</span> <span class='ocrx_word' id='word_1_15' title='bbox 791 625 874 670; x_wconf 89' lang='lat' dir='ltr'>vero</span> <span class='ocrx_word' id='word_1_16' title='bbox 901 605 1025 669; x_wconf 86' lang='lat' dir='ltr'>Dauus</span> <span class='ocrx_word' id='word_1_17' title='bbox 1052 623 1188 668; x_wconf 93' lang='lat' dir='ltr'>omnem</span> <span class='ocrx_word' id='word_1_18' title='bbox 1221 622 1319 687; x_wconf 90' lang='lat' dir='ltr'>spem</span> 
     </span>
     <span class='ocr_line' id='line_1_7' title="bbox 367 702 1320 787; baseline 0.001 -23"><span class='ocrx_word' id='word_1_19' title='bbox 367 702 548 766; x_wconf 87' lang='lat' dir='ltr'>resistendi</span> <span class='ocrx_word' id='word_1_20' title='bbox 574 703 750 781; x_wconf 89' lang='lat' dir='ltr'>amittens,</span> <span class='ocrx_word' id='word_1_21' title='bbox 772 705 1033 787; x_wconf 76' lang='lat' dir='ltr'>cogitavitquo</span> <span class='ocrx_word' id='word_1_22' title='bbox 1056 704 1175 768; x_wconf 89' lang='lat' dir='ltr'>ordine</span> <span class='ocrx_word' id='word_1_23' title='bbox 1203 722 1320 785; x_wconf 79' lang='lat' dir='ltr'>regem</span> 
     </span>
     <span class='ocr_line' id='line_1_8' title="bbox 369 801 1321 887; baseline 0 -22"><span class='ocrx_word' id='word_1_24' title='bbox 369 801 671 867; x_wconf 87' lang='lat' dir='ltr'>clementissimum</span> <span class='ocrx_word' id='word_1_25' title='bbox 702 804 876 887; x_wconf 84' lang='lat' dir='ltr'>deciperet</span> <span class='ocrx_word' id='word_1_26' title='bbox 906 805 979 868; x_wconf 89' lang='lat' dir='ltr'>suis</span> <span class='ocrx_word' id='word_1_27' title='bbox 1012 805 1145 868; x_wconf 88' lang='lat' dir='ltr'>artibus</span> <span class='ocrx_word' id='word_1_28' title='bbox 1177 803 1321 866; x_wconf 86' lang='lat' dir='ltr'>fraudu·</span> 
     </span>
     <span class='ocr_line' id='line_1_9' title="bbox 369 901 1322 986; baseline 0 -22"><span class='ocrx_word' id='word_1_29' title='bbox 369 901 496 981; x_wconf 88' lang='lat' dir='ltr'>lentis;</span> <span class='ocrx_word' id='word_1_30' title='bbox 527 910 561 967; x_wconf 91' lang='lat' dir='ltr'>et</span> <span class='ocrx_word' id='word_1_31' title='bbox 584 904 726 968; x_wconf 86' lang='lat' dir='ltr'>nuntios</span> <span class='ocrx_word' id='word_1_32' title='bbox 756 904 800 966; x_wconf 89' lang='lat' dir='ltr'>ad</span> <span class='ocrx_word' id='word_1_33' title='bbox 830 923 947 986; x_wconf 84' lang='lat' dir='ltr'>regem</span> <span class='ocrx_word' id='word_1_34' title='bbox 972 903 1126 984; x_wconf 82' lang='lat' dir='ltr'>dirigens</span> <span class='ocrx_word' id='word_1_35' title='bbox 1151 901 1322 986; x_wconf 86' lang='lat' dir='ltr'>promisit,</span> 
     </span>
     <span class='ocr_line' id='line_1_10' title="bbox 365 1000 1324 1087; baseline 0.003 -25"><span class='ocrx_word' id='word_1_36' title='bbox 365 1000 572 1085; x_wconf 87' lang='lat' dir='ltr'>juramentis</span> <span class='ocrx_word' id='word_1_37' title='bbox 598 1010 634 1068; x_wconf 86' lang='lat' dir='ltr'>ot</span> <span class='ocrx_word' id='word_1_38' title='bbox 663 1002 755 1066; x_wconf 88' lang='lat' dir='ltr'>datis</span> <span class='ocrx_word' id='word_1_39' title='bbox 780 1002 969 1078; x_wconf 88' lang='lat' dir='ltr'>obsidibus,</span> <span class='ocrx_word' id='word_1_40' title='bbox 992 1002 1085 1085; x_wconf 90' lang='lat' dir='ltr'>quod</span> <span class='ocrx_word' id='word_1_41' title='bbox 1110 1001 1155 1066; x_wconf 88' lang='lat' dir='ltr'>ab</span> <span class='ocrx_word' id='word_1_42' title='bbox 1180 1001 1256 1087; x_wconf 88' lang='lat' dir='ltr'>ejus</span> <span class='ocrx_word' id='word_1_43' title='bbox 1286 1009 1324 1065; x_wconf 89' lang='lat' dir='ltr'>et</span> 
     </span>
     <span class='ocr_line' id='line_1_11' title="bbox 371 1100 1324 1184; baseline 0.002 -22"><span class='ocrx_word' id='word_1_44' title='bbox 371 1101 469 1181; x_wconf 85' lang='lat' dir='ltr'>regni</span> <span class='ocrx_word' id='word_1_45' title='bbox 483 1100 623 1183; x_wconf 82' lang='lat' dir='ltr'>Angliae</span> <span class='ocrx_word' id='word_1_46' title='bbox 637 1101 889 1184; x_wconf 82' lang='lat' dir='ltr'>inquietatione</span> <span class='ocrx_word' id='word_1_47' title='bbox 904 1110 1056 1166; x_wconf 82' lang='lat' dir='ltr'>cessaret</span> <span class='ocrx_word' id='word_1_48' title='bbox 1076 1101 1112 1165; x_wconf 94' lang='lat' dir='ltr'>in</span> <span class='ocrx_word' id='word_1_49' title='bbox 1133 1108 1324 1184; x_wconf 89' lang='lat' dir='ltr'>posterum,</span> 
     </span>
     <span class='ocr_line' id='line_1_12' title="bbox 372 1199 1325 1285; baseline 0.001 -23"><span class='ocrx_word' id='word_1_50' title='bbox 372 1199 403 1262; x_wconf 90' lang='lat' dir='ltr'>si</span> <span class='ocrx_word' id='word_1_51' title='bbox 434 1200 576 1282; x_wconf 92' lang='lat' dir='ltr'>pacifice</span> <span class='ocrx_word' id='word_1_52' title='bbox 608 1201 766 1266; x_wconf 86' lang='lat' dir='ltr'>recedere</span> <span class='ocrx_word' id='word_1_53' title='bbox 796 1202 986 1281; x_wconf 90' lang='lat' dir='ltr'>sineretur;</span> <span class='ocrx_word' id='word_1_54' title='bbox 1019 1207 1055 1266; x_wconf 89' lang='lat' dir='ltr'>et</span> <span class='ocrx_word' id='word_1_55' title='bbox 1083 1199 1127 1264; x_wconf 90' lang='lat' dir='ltr'>ad</span> <span class='ocrx_word' id='word_1_56' title='bbox 1157 1200 1325 1285; x_wconf 88' lang='lat' dir='ltr'>majorem</span> 
     </span>
     <span class='ocr_line' id='line_1_13' title="bbox 374 1297 1326 1381; baseline 0.003 -21"><span class='ocrx_word' id='word_1_57' title='bbox 374 1297 514 1380; x_wconf 90' lang='lat' dir='ltr'>insuper</span> <span class='ocrx_word' id='word_1_58' title='bbox 539 1301 772 1377; x_wconf 83' lang='lat' dir='ltr'>securitatem,</span> <span class='ocrx_word' id='word_1_59' title='bbox 797 1302 891 1365; x_wconf 89' lang='lat' dir='ltr'>misit</span> <span class='ocrx_word' id='word_1_60' title='bbox 913 1301 986 1381; x_wconf 82' lang='lat' dir='ltr'>regi</span> <span class='ocrx_word' id='word_1_61' title='bbox 1012 1301 1100 1364; x_wconf 87' lang='lat' dir='ltr'>duos</span> <span class='ocrx_word' id='word_1_62' title='bbox 1129 1298 1218 1363; x_wconf 91' lang='lat' dir='ltr'>filios</span> <span class='ocrx_word' id='word_1_63' title='bbox 1242 1319 1326 1363; x_wconf 88' lang='lat' dir='ltr'>suos</span> 
     </span>
     <span class='ocr_line' id='line_1_14' title="bbox 373 1399 1325 1481; baseline 0.002 -22"><span class='ocrx_word' id='word_1_64' title='bbox 373 1417 512 1480; x_wconf 91' lang='lat' dir='ltr'>pueros,</span> <span class='ocrx_word' id='word_1_65' title='bbox 541 1406 593 1476; x_wconf 89' lang='lat' dir='ltr'>ut,</span> <span class='ocrx_word' id='word_1_66' title='bbox 616 1400 646 1462; x_wconf 92' lang='lat' dir='ltr'>si</span> <span class='ocrx_word' id='word_1_67' title='bbox 672 1400 788 1476; x_wconf 88' lang='lat' dir='ltr'>vellet,</span> <span class='ocrx_word' id='word_1_68' title='bbox 818 1400 897 1463; x_wconf 91' lang='lat' dir='ltr'>fidei</span> <span class='ocrx_word' id='word_1_69' title='bbox 929 1400 1008 1463; x_wconf 85' lang='lat' dir='ltr'>illos</span> <span class='ocrx_word' id='word_1_70' title='bbox 1039 1406 1075 1463; x_wconf 89' lang='lat' dir='ltr'>et</span> <span class='ocrx_word' id='word_1_71' title='bbox 1104 1399 1325 1481; x_wconf 86' lang='lat' dir='ltr'>baptismatis</span> 
     </span>
     <span class='ocr_line' id='line_1_15' title="bbox 374 1497 1328 1579; baseline 0.002 -20"><span class='ocrx_word' id='word_1_72' title='bbox 374 1497 543 1562; x_wconf 85' lang='lat' dir='ltr'>imbueret</span> <span class='ocrx_word' id='word_1_73' title='bbox 560 1500 797 1563; x_wconf 72' lang='lat' dir='ltr'>sacramentis</span> <span class='ocrx_word' id='word_1_74' title='bbox 849 1498 950 1563; x_wconf 85' lang='lat' dir='ltr'>Tunc</span> <span class='ocrx_word' id='word_1_75' title='bbox 976 1517 1038 1562; x_wconf 87' lang='lat' dir='ltr'>rex</span> <span class='ocrx_word' id='word_1_76' title='bbox 1060 1497 1247 1579; x_wconf 79' lang='lat' dir='ltr'>piissimae,</span> <span class='ocrx_word' id='word_1_77' title='bbox 1264 1498 1328 1579; x_wconf 92' lang='lat' dir='ltr'>qui</span> 
     </span>
     <span class='ocr_line' id='line_1_16' title="bbox 375 1596 1328 1680; baseline 0.001 -21"><span class='ocrx_word' id='word_1_78' title='bbox 375 1614 511 1678; x_wconf 88' lang='lat' dir='ltr'>semper</span> <span class='ocrx_word' id='word_1_79' title='bbox 527 1615 742 1679; x_wconf 82' lang='lat' dir='ltr'>paganorum</span> <span class='ocrx_word' id='word_1_80' title='bbox 766 1598 898 1661; x_wconf 88' lang='lat' dir='ltr'>animas</span> <span class='ocrx_word' id='word_1_81' title='bbox 921 1598 1037 1680; x_wconf 88' lang='lat' dir='ltr'>potius</span> <span class='ocrx_word' id='word_1_82' title='bbox 1059 1596 1206 1661; x_wconf 86' lang='lat' dir='ltr'>liberare</span> <span class='ocrx_word' id='word_1_83' title='bbox 1222 1616 1328 1678; x_wconf 87' lang='lat' dir='ltr'>quam</span> 
     </span>
     <span class='ocr_line' id='line_1_17' title="bbox 375 1695 1329 1781; baseline 0.003 -24"><span class='ocrx_word' id='word_1_84' title='bbox 375 1695 568 1759; x_wconf 90' lang='lat' dir='ltr'>interficere</span> <span class='ocrx_word' id='word_1_85' title='bbox 596 1697 748 1774; x_wconf 85' lang='lat' dir='ltr'>sitiebat,</span> <span class='ocrx_word' id='word_1_86' title='bbox 777 1697 853 1781; x_wconf 90' lang='lat' dir='ltr'>ejus</span> <span class='ocrx_word' id='word_1_87' title='bbox 878 1697 1103 1779; x_wconf 90' lang='lat' dir='ltr'>petitionibus</span> <span class='ocrx_word' id='word_1_88' title='bbox 1137 1696 1329 1778; x_wconf 87' lang='lat' dir='ltr'>adquievit,</span> 
     </span>
     <span class='ocr_line' id='line_1_18' title="bbox 377 1795 1328 1879; baseline 0.001 -22"><span class='ocrx_word' id='word_1_89' title='bbox 377 1804 424 1870; x_wconf 92' lang='lat' dir='ltr'>et,</span> <span class='ocrx_word' id='word_1_90' title='bbox 444 1796 559 1877; x_wconf 86' lang='lat' dir='ltr'>pueris</span> <span class='ocrx_word' id='word_1_91' title='bbox 580 1814 680 1860; x_wconf 88' lang='lat' dir='ltr'>sacro</span> <span class='ocrx_word' id='word_1_92' title='bbox 698 1796 791 1859; x_wconf 89' lang='lat' dir='ltr'>fonte</span> <span class='ocrx_word' id='word_1_93' title='bbox 808 1797 950 1873; x_wconf 79' lang='lat' dir='ltr'>renatiS,</span> <span class='ocrx_word' id='word_1_94' title='bbox 967 1795 1177 1859; x_wconf 88' lang='lat' dir='ltr'>Hasteinum</span> <span class='ocrx_word' id='word_1_95' title='bbox 1192 1804 1328 1879; x_wconf 89' lang='lat' dir='ltr'>patrem</span> 
     </span>
     <span class='ocr_line' id='line_1_19' title="bbox 377 1894 1330 1977; baseline 0.004 -22"><span class='ocrx_word' id='word_1_96' title='bbox 377 1913 495 1956; x_wconf 91' lang='lat' dir='ltr'>eorum</span> <span class='ocrx_word' id='word_1_97' title='bbox 526 1913 603 1957; x_wconf 89' lang='lat' dir='ltr'>cum</span> <span class='ocrx_word' id='word_1_98' title='bbox 642 1895 801 1958; x_wconf 90' lang='lat' dir='ltr'>omnibus</span> <span class='ocrx_word' id='word_1_99' title='bbox 835 1895 912 1958; x_wconf 87' lang='lat' dir='ltr'>aliis</span> <span class='ocrx_word' id='word_1_100' title='bbox 943 1895 1140 1959; x_wconf 88' lang='lat' dir='ltr'>infidelibus</span> <span class='ocrx_word' id='word_1_101' title='bbox 1172 1894 1330 1977; x_wconf 88' lang='lat' dir='ltr'>pacifice,</span> 
     </span>
     <span class='ocr_line' id='line_1_20' title="bbox 372 1992 1176 2076; baseline 0.004 -21"><span class='ocrx_word' id='word_1_102' title='bbox 372 1992 479 2075; x_wconf 86' lang='lat' dir='ltr'>juxta</span> <span class='ocrx_word' id='word_1_103' title='bbox 493 1993 585 2075; x_wconf 92' lang='lat' dir='ltr'>quod</span> <span class='ocrx_word' id='word_1_104' title='bbox 603 2002 744 2076; x_wconf 88' lang='lat' dir='ltr'>pactum</span> <span class='ocrx_word' id='word_1_105' title='bbox 760 1993 884 2071; x_wconf 89' lang='lat' dir='ltr'>fuerat,</span> <span class='ocrx_word' id='word_1_106' title='bbox 901 1995 995 2058; x_wconf 86' lang='lat' dir='ltr'>abire</span> <span class='ocrx_word' id='word_1_107' title='bbox 1009 1995 1176 2076; x_wconf 86' lang='lat' dir='ltr'>permisit.</span> 
     </span>
    </p>
   </div>
   <div class='ocr_carea' id='block_1_6' title="bbox 436 2157 1277 2341">
    <p class='ocr_par' dir='ltr' id='par_1_6' title="bbox 436 2157 1277 2341">
     <span class='ocr_line' id='line_1_21' title="bbox 436 2157 1277 2341; baseline 0.001 -119"><span class='ocrx_word' id='word_1_108' title='bbox 436 2157 586 2236; x_wconf 74' lang='lat' dir='ltr'>Quomodo</span> <span class='ocrx_word' id='word_1_109' title='bbox 601 2180 655 2223; x_wconf 75' lang='lat' dir='ltr'>reu</span> <span class='ocrx_word' id='word_1_110' title='bbox 667 2157 821 2341; x_wconf 48' lang='grc' dir='ltr'><em>Αῌνθὲω</em></span> <span class='ocrx_word' id='word_1_111' title='bbox 835 2158 994 2222; x_wconf 78' lang='lat' dir='ltr'>Dacicum</span> <span class='ocrx_word' id='word_1_112' title='bbox 1010 2179 1106 2243; x_wconf 76' lang='lat' dir='ltr'>repam</span> <span class='ocrx_word' id='word_1_113' title='bbox 1120 2157 1158 2222; x_wconf 81' lang='lat' dir='ltr'>de</span> <span class='ocrx_word' id='word_1_114' title='bbox 1164 2157 1277 2242; x_wconf 66' lang='lat' dir='ltr'>prelio</span> 
     </span>
     <span class='ocr_line' id='line_1_22' title="bbox 779 2257 929 2341; baseline 0.007 -21"><span class='ocrx_word' id='word_1_115' title='bbox 779 2257 929 2341; x_wconf 74' lang='lat' dir='ltr'>upaoait.</span> 
     </span>
    </p>
   </div>
   <div class='ocr_carea' id='block_1_7' title="bbox 431 2377 1334 2445">
    <p class='ocr_par' dir='ltr' id='par_1_7' title="bbox 431 2377 1334 2445">
     <span class='ocr_line' id='line_1_23' title="bbox 431 2377 1334 2445; baseline 0 -2"><span class='ocrx_word' id='word_1_116' title='bbox 431 2377 533 2444; x_wconf 83' lang='lat' dir='ltr'>Anno</span> <span class='ocrx_word' id='word_1_117' title='bbox 564 2379 705 2444; x_wconf 92' lang='lat' dir='ltr'>Domini</span> <span class='ocrx_word' id='word_1_118' title='bbox 739 2397 930 2444; x_wconf 86' lang='lat' dir='ltr'>ncccxcrv.</span> <span class='ocrx_word' id='word_1_119' title='bbox 960 2399 1024 2445; x_wconf 88' lang='lat' dir='ltr'>rex</span> <span class='ocrx_word' id='word_1_120' title='bbox 1058 2378 1221 2445; x_wconf 86' lang='lat' dir='ltr'>Alfredus</span> <span class='ocrx_word' id='word_1_121' title='bbox 1254 2398 1334 2443; x_wconf 91' lang='lat' dir='ltr'>cum</span> 
     </span>
    </p>
   </div>
   <div class='ocr_carea' id='block_1_8' title="bbox 379 2480 1333 2661">
    <p class='ocr_par' dir='ltr' id='par_1_8' title="bbox 379 2480 1333 2661">
     <span class='ocr_line' id='line_1_24' title="bbox 379 2480 1332 2562; baseline -0.002 -19"><span class='ocrx_word' id='word_1_122' title='bbox 379 2480 513 2560; x_wconf 82' lang='lat' dir='ltr'>ingenti</span> <span class='ocrx_word' id='word_1_123' title='bbox 536 2480 690 2543; x_wconf 83' lang='lat' dir='ltr'>exercitu</span> <span class='ocrx_word' id='word_1_124' title='bbox 719 2487 841 2543; x_wconf 85' lang='lat' dir='ltr'>contra</span> <span class='ocrx_word' id='word_1_125' title='bbox 863 2498 1020 2562; x_wconf 86' lang='lat' dir='ltr'>paganos</span> <span class='ocrx_word' id='word_1_126' title='bbox 1046 2480 1226 2561; x_wconf 87' lang='lat' dir='ltr'>processit,</span> <span class='ocrx_word' id='word_1_127' title='bbox 1242 2498 1332 2561; x_wconf 92' lang='lat' dir='ltr'>quos</span> 
     </span>
     <span class='ocr_line' id='line_1_25' title="bbox 380 2571 1333 2661; baseline -0.001 -19"><span class='ocrx_word' id='word_1_128' title='bbox 380 2571 501 2660; x_wconf 90' lang='lat' dir='ltr'>supra¹</span> <span class='ocrx_word' id='word_1_129' title='bbox 514 2579 549 2641; x_wconf 94' lang='lat' dir='ltr'>in</span> <span class='ocrx_word' id='word_1_130' title='bbox 561 2579 651 2642; x_wconf 87' lang='lat' dir='ltr'>ostio</span> <span class='ocrx_word' id='word_1_131' title='bbox 667 2578 767 2660; x_wconf 85' lang='lat' dir='ltr'>Ligei</span> <span class='ocrx_word' id='word_1_132' title='bbox 781 2578 931 2643; x_wconf 87' lang='lat' dir='ltr'>fluminis</span> <span class='ocrx_word' id='word_1_133' title='bbox 947 2579 1157 2661; x_wconf 83' lang='lat' dir='ltr'>applicuisse</span> <span class='ocrx_word' id='word_1_134' title='bbox 1167 2579 1333 2655; x_wconf 79' lang='lat' dir='ltr'>diximuS,</span> 
     </span>
    </p>
   </div>
   <div class='ocr_carea' id='block_1_9' title="bbox 379 2677 1338 3752">
    <p class='ocr_par' dir='ltr' id='par_1_9' title="bbox 379 2677 1338 3752">
     <span class='ocr_line' id='line_1_26' title="bbox 380 2677 1331 2762; baseline 0 -22"><span class='ocrx_word' id='word_1_135' title='bbox 380 2679 439 2761; x_wconf 94' lang='lat' dir='ltr'>qui</span> <span class='ocrx_word' id='word_1_136' title='bbox 450 2678 524 2762; x_wconf 87' lang='lat' dir='ltr'>jam</span> <span class='ocrx_word' id='word_1_137' title='bbox 541 2678 660 2741; x_wconf 90' lang='lat' dir='ltr'>cuneis</span> <span class='ocrx_word' id='word_1_138' title='bbox 674 2677 795 2742; x_wconf 86' lang='lat' dir='ltr'>divisis</span> <span class='ocrx_word' id='word_1_139' title='bbox 811 2678 1027 2742; x_wconf 88' lang='lat' dir='ltr'>conabantur</span> <span class='ocrx_word' id='word_1_140' title='bbox 1041 2697 1159 2742; x_wconf 90' lang='lat' dir='ltr'>omnes</span> <span class='ocrx_word' id='word_1_141' title='bbox 1179 2678 1331 2760; x_wconf 80' lang='lat' dir='ltr'>regionis</span> 
     </span>
     <span class='ocr_line' id='line_1_27' title="bbox 380 2776 1333 2861; baseline 0 -21"><span class='ocrx_word' id='word_1_142' title='bbox 380 2776 474 2840; x_wconf 90' lang='lat' dir='ltr'>illius</span> <span class='ocrx_word' id='word_1_143' title='bbox 491 2777 688 2860; x_wconf 89' lang='lat' dir='ltr'>provincias</span> <span class='ocrx_word' id='word_1_144' title='bbox 711 2777 920 2860; x_wconf 77' lang='lat' dir='ltr'>subjugare3</span> <span class='ocrx_word' id='word_1_145' title='bbox 943 2797 1014 2861; x_wconf 93' lang='lat' dir='ltr'>quo</span> <span class='ocrx_word' id='word_1_146' title='bbox 1036 2796 1098 2841; x_wconf 85' lang='lat' dir='ltr'>rex</span> <span class='ocrx_word' id='word_1_147' title='bbox 1118 2798 1196 2840; x_wconf 91' lang='lat' dir='ltr'>cnm</span> <span class='ocrx_word' id='word_1_148' title='bbox 1210 2796 1333 2859; x_wconf 87' lang='lat' dir='ltr'>perve-</span> 
     </span>
     <span class='ocr_line' id='line_1_28' title="bbox 379 2877 1332 2953; baseline -0.002 -13"><span class='ocrx_word' id='word_1_149' title='bbox 379 2877 501 2953; x_wconf 89' lang='lat' dir='ltr'>nisset,</span> <span class='ocrx_word' id='word_1_150' title='bbox 518 2877 612 2940; x_wconf 91' lang='lat' dir='ltr'>misit</span> <span class='ocrx_word' id='word_1_151' title='bbox 631 2896 669 2940; x_wconf 90' lang='lat' dir='ltr'>se</span> <span class='ocrx_word' id='word_1_152' title='bbox 691 2895 768 2939; x_wconf 93' lang='lat' dir='ltr'>cum</span> <span class='ocrx_word' id='word_1_153' title='bbox 791 2877 947 2940; x_wconf 83' lang='lat' dir='ltr'>exercitu</span> <span class='ocrx_word' id='word_1_154' title='bbox 969 2897 1032 2940; x_wconf 91' lang='lat' dir='ltr'>suo</span> <span class='ocrx_word' id='word_1_155' title='bbox 1055 2877 1145 2940; x_wconf 85' lang='lat' dir='ltr'>inter</span> <span class='ocrx_word' id='word_1_156' title='bbox 1162 2877 1249 2941; x_wconf 91' lang='lat' dir='ltr'>duos</span> <span class='ocrx_word' id='word_1_157' title='bbox 1268 2895 1332 2938; x_wconf 88' lang='lat' dir='ltr'>cu·</span> 
     </span>
     <span class='ocr_line' id='line_1_29' title="bbox 381 2975 1332 3058; baseline -0.001 -20"><span class='ocrx_word' id='word_1_158' title='bbox 381 2995 466 3039; x_wconf 88' lang='lat' dir='ltr'>neos</span> <span class='ocrx_word' id='word_1_159' title='bbox 488 2994 714 3058; x_wconf 84' lang='lat' dir='ltr'>paganorum,</span> <span class='ocrx_word' id='word_1_160' title='bbox 738 2982 789 3052; x_wconf 90' lang='lat' dir='ltr'>ut,</span> <span class='ocrx_word' id='word_1_161' title='bbox 809 2976 839 3039; x_wconf 89' lang='lat' dir='ltr'>si</span> <span class='ocrx_word' id='word_1_162' title='bbox 856 2975 945 3040; x_wconf 89' lang='lat' dir='ltr'>forte</span> <span class='ocrx_word' id='word_1_163' title='bbox 967 2976 1046 3040; x_wconf 87' lang='lat' dir='ltr'>loca</span> <span class='ocrx_word' id='word_1_164' title='bbox 1066 2994 1249 3041; x_wconf 88' lang='lat' dir='ltr'>nemorosa</span> <span class='ocrx_word' id='word_1_165' title='bbox 1271 2975 1332 3037; x_wconf 91' lang='lat' dir='ltr'>de-</span> 
     </span>
     <span class='ocr_line' id='line_1_30' title="bbox 381 3074 1332 3158; baseline -0.002 -19"><span class='ocrx_word' id='word_1_166' title='bbox 381 3082 535 3139; x_wconf 81' lang='lat' dir='ltr'>serentes</span> <span class='ocrx_word' id='word_1_167' title='bbox 557 3075 736 3158; x_wconf 85' lang='lat' dir='ltr'>planitiem</span> <span class='ocrx_word' id='word_1_168' title='bbox 764 3074 917 3157; x_wconf 89' lang='lat' dir='ltr'>aliquam</span> <span class='ocrx_word' id='word_1_169' title='bbox 946 3082 1063 3157; x_wconf 89' lang='lat' dir='ltr'>petere</span> <span class='ocrx_word' id='word_1_170' title='bbox 1085 3075 1332 3150; x_wconf 87' lang='lat' dir='ltr'>decrevissent,</span> 
     </span>
     <span class='ocr_line' id='line_1_31' title="bbox 381 3173 1330 3256; baseline 0.001 -21"><span class='ocrx_word' id='word_1_171' title='bbox 381 3174 456 3255; x_wconf 89' lang='lat' dir='ltr'>ipse</span> <span class='ocrx_word' id='word_1_172' title='bbox 480 3181 602 3237; x_wconf 89' lang='lat' dir='ltr'>contra</span> <span class='ocrx_word' id='word_1_173' title='bbox 623 3193 683 3237; x_wconf 88' lang='lat' dir='ltr'>eos</span> <span class='ocrx_word' id='word_1_174' title='bbox 703 3193 799 3236; x_wconf 89' lang='lat' dir='ltr'>arma</span> <span class='ocrx_word' id='word_1_175' title='bbox 817 3182 995 3253; x_wconf 81' lang='lat' dir='ltr'>moveret3</span> <span class='ocrx_word' id='word_1_176' title='bbox 1019 3175 1079 3237; x_wconf 86' lang='lat' dir='ltr'>sed</span> <span class='ocrx_word' id='word_1_177' title='bbox 1096 3174 1236 3238; x_wconf 87' lang='lat' dir='ltr'>barbari</span> <span class='ocrx_word' id='word_1_178' title='bbox 1253 3173 1330 3256; x_wconf 89' lang='lat' dir='ltr'>jam</span> 
     </span>
     <span class='ocr_line' id='line_1_32' title="bbox 379 3271 1334 3355; baseline 0.003 -24"><span class='ocrx_word' id='word_1_179' title='bbox 379 3273 472 3336; x_wconf 78' lang='lat' dir='ltr'>same</span> <span class='ocrx_word' id='word_1_180' title='bbox 503 3280 539 3336; x_wconf 89' lang='lat' dir='ltr'>et</span> <span class='ocrx_word' id='word_1_181' title='bbox 563 3273 669 3354; x_wconf 82' lang='lat' dir='ltr'>longa</span> <span class='ocrx_word' id='word_1_182' title='bbox 695 3273 832 3355; x_wconf 83' lang='lat' dir='ltr'>fatigati</span> <span class='ocrx_word' id='word_1_183' title='bbox 856 3272 984 3350; x_wconf 89' lang='lat' dir='ltr'>inedia,</span> <span class='ocrx_word' id='word_1_184' title='bbox 1009 3273 1091 3336; x_wconf 89' lang='lat' dir='ltr'>dum</span> <span class='ocrx_word' id='word_1_185' title='bbox 1117 3273 1202 3337; x_wconf 89' lang='lat' dir='ltr'>nihil</span> <span class='ocrx_word' id='word_1_186' title='bbox 1225 3271 1334 3355; x_wconf 91' lang='lat' dir='ltr'>profi·</span> 
     </span>
     <span class='ocr_line' id='line_1_33' title="bbox 381 3372 1332 3454; baseline 0.001 -21"><span class='ocrx_word' id='word_1_187' title='bbox 381 3379 498 3435; x_wconf 90' lang='lat' dir='ltr'>cerent</span> <span class='ocrx_word' id='word_1_188' title='bbox 521 3372 582 3435; x_wconf 87' lang='lat' dir='ltr'>sed</span> <span class='ocrx_word' id='word_1_189' title='bbox 611 3373 725 3453; x_wconf 89' lang='lat' dir='ltr'>potius</span> <span class='ocrx_word' id='word_1_190' title='bbox 752 3372 949 3449; x_wconf 89' lang='lat' dir='ltr'>deficerent,</span> <span class='ocrx_word' id='word_1_191' title='bbox 978 3373 1222 3454; x_wconf 89' lang='lat' dir='ltr'>disposuerunt</span> <span class='ocrx_word' id='word_1_192' title='bbox 1246 3391 1332 3435; x_wconf 88' lang='lat' dir='ltr'>con·</span> 
     </span>
     <span class='ocr_line' id='line_1_34' title="bbox 382 3471 1335 3555; baseline 0.001 -23"><span class='ocrx_word' id='word_1_193' title='bbox 382 3471 475 3533; x_wconf 86' lang='lat' dir='ltr'>cives</span> <span class='ocrx_word' id='word_1_194' title='bbox 491 3489 585 3547; x_wconf 87' lang='lat' dir='ltr'>suos,</span> <span class='ocrx_word' id='word_1_195' title='bbox 600 3472 659 3552; x_wconf 93' lang='lat' dir='ltr'>qui</span> <span class='ocrx_word' id='word_1_196' title='bbox 684 3491 793 3555; x_wconf 88' lang='lat' dir='ltr'>nuper</span> <span class='ocrx_word' id='word_1_197' title='bbox 810 3472 846 3534; x_wconf 94' lang='lat' dir='ltr'>in</span> <span class='ocrx_word' id='word_1_198' title='bbox 862 3472 1067 3536; x_wconf 87' lang='lat' dir='ltr'>East-sexia</span> <span class='ocrx_word' id='word_1_199' title='bbox 1081 3472 1335 3555; x_wconf 87' lang='lat' dir='ltr'>applicuerant,</span> 
     </span>
     <span class='ocr_line' id='line_1_35' title="bbox 382 3568 1338 3655; baseline 0.001 -24"><span class='ocrx_word' id='word_1_200' title='bbox 382 3570 489 3645; x_wconf 89' lang='lat' dir='ltr'>adire,</span> <span class='ocrx_word' id='word_1_201' title='bbox 506 3577 546 3632; x_wconf 90' lang='lat' dir='ltr'>ut</span> <span class='ocrx_word' id='word_1_202' title='bbox 566 3569 699 3633; x_wconf 90' lang='lat' dir='ltr'>fortiori</span> <span class='ocrx_word' id='word_1_203' title='bbox 721 3571 830 3634; x_wconf 90' lang='lat' dir='ltr'>milite</span> <span class='ocrx_word' id='word_1_204' title='bbox 847 3571 969 3655; x_wconf 88' lang='lat' dir='ltr'>stipati</span> <span class='ocrx_word' id='word_1_205' title='bbox 992 3572 1201 3653; x_wconf 86' lang='lat' dir='ltr'>irruptiones</span> <span class='ocrx_word' id='word_1_206' title='bbox 1217 3568 1338 3633; x_wconf 87' lang='lat' dir='ltr'>Chris-</span> 
     </span>
     <span class='ocr_line' id='line_1_36' title="bbox 381 3668 1338 3752; baseline 0.003 -22"><span class='ocrx_word' id='word_1_207' title='bbox 381 3668 553 3731; x_wconf 87' lang='lat' dir='ltr'>tianorum</span> <span class='ocrx_word' id='word_1_208' title='bbox 584 3677 727 3751; x_wconf 87' lang='lat' dir='ltr'>possent</span> <span class='ocrx_word' id='word_1_209' title='bbox 759 3670 895 3733; x_wconf 88' lang='lat' dir='ltr'>facilius</span> <span class='ocrx_word' id='word_1_210' title='bbox 929 3671 1109 3734; x_wconf 88' lang='lat' dir='ltr'>sustinere.</span> <span class='ocrx_word' id='word_1_211' title='bbox 1178 3669 1338 3752; x_wconf 88' lang='lat' dir='ltr'>Cumque</span> 
     </span>
    </p>
   </div>
   <div class='ocr_carea' id='block_1_10' title="bbox 381 3881 1341 4297">
    <p class='ocr_par' dir='ltr' id='par_1_10' title="bbox 381 3881 1341 4297">
     <span class='ocr_line' id='line_1_37' title="bbox 416 3881 1341 3955; baseline 0 -19"><span class='ocrx_word' id='word_1_212' title='bbox 416 3883 549 3950; x_wconf 76' lang='lat' dir='ltr'>¹Sapraia</span> <span class='ocrx_word' id='word_1_213' title='bbox 559 3886 620 3934; x_wconf 74' lang='lat' dir='ltr'>ontio</span> <span class='ocrx_word' id='word_1_214' title='bbox 629 3881 842 3955; x_wconf 61' lang='lat' dir='ltr'>Ligeiflmaiais]</span> <span class='ocrx_word' id='word_1_215' title='bbox 872 3887 1051 3949; x_wconf 77' lang='lat' dir='ltr'>Huntingdon,</span> <span class='ocrx_word' id='word_1_216' title='bbox 1065 3901 1132 3936; x_wconf 77' lang='lat' dir='ltr'>corne</span> <span class='ocrx_word' id='word_1_217' title='bbox 1147 3887 1177 3936; x_wconf 85' lang='lat' dir='ltr'>ol&#39;</span> <span class='ocrx_word' id='word_1_218' title='bbox 1192 3887 1234 3935; x_wconf 85' lang='lat' dir='ltr'>tba</span> <span class='ocrx_word' id='word_1_219' title='bbox 1250 3891 1341 3936; x_wconf 81' lang='lat' dir='ltr'>events</span> 
     </span>
     <span class='ocr_line' id='line_1_38' title="bbox 381 3956 1339 4018; baseline 0.001 -14"><span class='ocrx_word' id='word_1_220' title='bbox 381 3956 480 4017; x_wconf 81' lang='lat' dir='ltr'>Above,</span> <span class='ocrx_word' id='word_1_221' title='bbox 496 3957 523 4004; x_wconf 95' lang='lat' dir='ltr'>in</span> <span class='ocrx_word' id='word_1_222' title='bbox 540 3960 597 4017; x_wconf 76' lang='lat'>892,</span> <span class='ocrx_word' id='word_1_223' title='bbox 617 3957 739 4018; x_wconf 84' lang='lat' dir='ltr'>correctly</span> <span class='ocrx_word' id='word_1_224' title='bbox 760 3956 844 4005; x_wconf 82' lang='lat' dir='ltr'>called</span> <span class='ocrx_word' id='word_1_225' title='bbox 871 3971 966 4018; x_wconf 84' lang='lat' dir='ltr'>appear</span> <span class='ocrx_word' id='word_1_226' title='bbox 977 3963 1003 4004; x_wconf 93' lang='lat' dir='ltr'>to</span> <span class='ocrx_word' id='word_1_227' title='bbox 1016 3956 1081 4005; x_wconf 84' lang='lat' dir='ltr'>bave</span> <span class='ocrx_word' id='word_1_228' title='bbox 1098 3957 1162 4005; x_wconf 85' lang='lat' dir='ltr'>been</span> <span class='ocrx_word' id='word_1_229' title='bbox 1176 3956 1339 4018; x_wconf 76' lang='lat' dir='ltr'>nampored.</span> 
     </span>
     <span class='ocr_line' id='line_1_39' title="bbox 381 4020 1341 4087; baseline -0.001 -13"><span class='ocrx_word' id='word_1_230' title='bbox 381 4020 522 4087; x_wconf 85' lang='lat' dir='ltr'>‘Limenii,&#39;</span> <span class='ocrx_word' id='word_1_231' title='bbox 534 4040 562 4073; x_wconf 91' lang='lat' dir='ltr'>or</span> <span class='ocrx_word' id='word_1_232' title='bbox 573 4026 615 4074; x_wconf 83' lang='lat' dir='ltr'>the</span> <span class='ocrx_word' id='word_1_233' title='bbox 627 4026 731 4075; x_wconf 86' lang='lat' dir='ltr'>Rotber.</span> <span class='ocrx_word' id='word_1_234' title='bbox 758 4026 843 4075; x_wconf 83' lang='lat' dir='ltr'>lntha</span> <span class='ocrx_word' id='word_1_235' title='bbox 870 4026 924 4075; x_wconf 86' lang='lat' dir='ltr'>The</span> <span class='ocrx_word' id='word_1_236' title='bbox 935 4026 1024 4075; x_wconf 85' lang='lat' dir='ltr'>reader</span> <span class='ocrx_word' id='word_1_237' title='bbox 1032 4026 1086 4075; x_wconf 81' lang='lat' dir='ltr'>will</span> <span class='ocrx_word' id='word_1_238' title='bbox 1098 4026 1221 4074; x_wconf 82' lang='lat' dir='ltr'>therefore</span> <span class='ocrx_word' id='word_1_239' title='bbox 1232 4026 1266 4073; x_wconf 93' lang='lat' dir='ltr'>do</span> <span class='ocrx_word' id='word_1_240' title='bbox 1277 4025 1341 4074; x_wconf 83' lang='lat' dir='ltr'>well</span> 
     </span>
     <span class='ocr_line' id='line_1_40' title="bbox 381 4094 1341 4157; baseline 0 -13"><span class='ocrx_word' id='word_1_241' title='bbox 381 4096 541 4157; x_wconf 74' lang='lat' dir='ltr'>abridgment</span> <span class='ocrx_word' id='word_1_242' title='bbox 551 4095 581 4143; x_wconf 86' lang='lat' dir='ltr'>oi</span> <span class='ocrx_word' id='word_1_243' title='bbox 593 4095 635 4144; x_wconf 82' lang='lat' dir='ltr'>the</span> <span class='ocrx_word' id='word_1_244' title='bbox 647 4100 754 4144; x_wconf 86' lang='lat' dir='ltr'>account</span> <span class='ocrx_word' id='word_1_245' title='bbox 764 4095 793 4143; x_wconf 85' lang='lat' dir='ltr'>oi</span> <span class='ocrx_word' id='word_1_246' title='bbox 801 4097 843 4145; x_wconf 86' lang='lat' dir='ltr'>the</span> <span class='ocrx_word' id='word_1_247' title='bbox 870 4101 896 4144; x_wconf 87' lang='lat' dir='ltr'>to</span> <span class='ocrx_word' id='word_1_248' title='bbox 901 4097 1000 4146; x_wconf 82' lang='lat' dir='ltr'>consult</span> <span class='ocrx_word' id='word_1_249' title='bbox 1007 4096 1049 4145; x_wconf 82' lang='lat' dir='ltr'>the</span> <span class='ocrx_word' id='word_1_250' title='bbox 1056 4095 1238 4145; x_wconf 82' lang='lat' dir='ltr'>above-named</span> <span class='ocrx_word' id='word_1_251' title='bbox 1245 4094 1341 4144; x_wconf 77' lang='lat' dir='ltr'>autho-</span> 
     </span>
     <span class='ocr_line' id='line_1_41' title="bbox 381 4164 1339 4228; baseline 0.001 -15"><span class='ocrx_word' id='word_1_252' title='bbox 381 4165 492 4213; x_wconf 81' lang='lat' dir='ltr'>troubles</span> <span class='ocrx_word' id='word_1_253' title='bbox 511 4165 540 4213; x_wconf 82' lang='lat' dir='ltr'>of</span> <span class='ocrx_word' id='word_1_254' title='bbox 555 4164 607 4213; x_wconf 80' lang='lat' dir='ltr'>this</span> <span class='ocrx_word' id='word_1_255' title='bbox 623 4165 711 4226; x_wconf 84' lang='lat' dir='ltr'>period</span> <span class='ocrx_word' id='word_1_256' title='bbox 724 4165 787 4214; x_wconf 82' lang='lat' dir='ltr'>from</span> <span class='ocrx_word' id='word_1_257' title='bbox 801 4165 843 4214; x_wconf 85' lang='lat' dir='ltr'>the</span> <span class='ocrx_word' id='word_1_258' title='bbox 871 4167 941 4215; x_wconf 74' lang='lat' dir='ltr'>rinos</span> <span class='ocrx_word' id='word_1_259' title='bbox 964 4181 1033 4227; x_wconf 92' lang='lat' dir='ltr'>upon</span> <span class='ocrx_word' id='word_1_260' title='bbox 1055 4166 1106 4215; x_wconf 83' lang='lat' dir='ltr'>this</span> <span class='ocrx_word' id='word_1_261' title='bbox 1126 4166 1225 4228; x_wconf 86' lang='lat' dir='ltr'>portion</span> <span class='ocrx_word' id='word_1_262' title='bbox 1245 4164 1275 4214; x_wconf 85' lang='lat' dir='ltr'>or&#39;</span> <span class='ocrx_word' id='word_1_263' title='bbox 1293 4164 1339 4214; x_wconf 84' lang='lat' dir='ltr'>the</span> 
     </span>
     <span class='ocr_line' id='line_1_42' title="bbox 382 4233 976 4297; baseline 0.005 -16"><span class='ocrx_word' id='word_1_264' title='bbox 382 4234 466 4283; x_wconf 77' lang='lat' dir='ltr'>Saron</span> <span class='ocrx_word' id='word_1_265' title='bbox 485 4233 627 4297; x_wconf 85' lang='lat' dir='ltr'>Chronicle,</span> <span class='ocrx_word' id='word_1_266' title='bbox 646 4235 776 4296; x_wconf 82' lang='lat' dir='ltr'>Florence,</span> <span class='ocrx_word' id='word_1_267' title='bbox 793 4235 842 4284; x_wconf 89' lang='lat' dir='ltr'>and</span> <span class='ocrx_word' id='word_1_268' title='bbox 856 4235 976 4296; x_wconf 61' lang='lat' dir='ltr'>,biotam</span> 
     </span>
    </p>
   </div>
   <div class='ocr_carea' id='block_1_11' title="bbox 0 0 1473 5332">
    <p class='ocr_par' dir='ltr' id='par_1_11' title="bbox 0 0 1473 5332">
     <span class='ocr_line' id='line_1_43' title="bbox 0 0 1473 5332; baseline 0 0"><span class='ocrx_word' id='word_1_269' title='bbox 0 0 1473 5332; x_wconf 95' lang='lat' dir='ltr'> </span> 
     </span>
    </p>
   </div>
  </div>
 </body>
</html>
