2888 4852
161 805 228 844 order
236 804 259 843 ol
266 805 287 843 8.

161 856 217 895 John
226 855 250 894 ol
256 855 291 894 Je-

161 905 260 945 ruralem.

318 412 383 477 118
565 426 698 475 nocam
724 428 771 473 nn
793 423 1001 473 wnuoovna

497 658 546 722 De
560 659 678 743 criptae
693 656 814 721 ordinis
828 656 950 721 militia
969 653 1098 740 Tenedi.

373 776 613 866 ¹Temporihus
628 781 796 858 Heraclii,
809 780 961 844 Romani
975 776 1206 862 imperatoris,
1218 778 1271 842 iu·

326 883 580 948 valescentibus
614 892 736 947 contra
770 901 848 945 eum
880 879 1021 945 Arabiae
1046 878 1272 962 principibus,

323 1002 467 1065 regnum
484 982 808 1067 Hierosolymorum
831 1000 909 1045 oum
935 980 1037 1063 Syria
1063 987 1099 1042 et
1114 980 1273 1062 AEgypto

324 1091 400 1148 tota
425 1082 460 1146 iu
482 1102 606 1145 manus
630 1083 880 1146 Saracenorum
901 1081 1029 1163 legitur
1057 1078 1271 1143 devolutum.

324 1182 405 1261 Quo
419 1190 572 1265 tempore
594 1182 695 1246 multi
721 1182 798 1245 loca
821 1188 955 1258 sancta,
968 1179 1051 1245 licet
1072 1180 1136 1242 sub
1157 1185 1273 1261 potes·

325 1291 396 1348 tate
413 1283 564 1347 hostium
582 1281 662 1345 fidei
681 1280 888 1345 Christianae
911 1280 1113 1356 constituta,
1131 1278 1273 1361 quidam

323 1382 518 1460 devotione,
549 1382 689 1465 quidam
716 1382 1013 1445 mercimoniorum
1039 1379 1166 1461 gratia,
1192 1378 1274 1443 visi·

326 1491 400 1547 tare
425 1484 605 1561 solebant;
629 1483 719 1546 iuter
744 1501 831 1564 quos
846 1481 911 1545 viri
936 1479 1076 1563 quidam
1101 1479 1144 1543 de
1169 1478 1274 1543 Italia

325 1584 386 1666 qui
409 1583 526 1646 urbam
542 1581 726 1647 Amalham
754 1580 1007 1657 inhabitabant,
1030 1599 1098 1643 non
1126 1579 1274 1661 longao

325 1683 468 1747 Salerno
483 1682 616 1746 famosa
633 1683 774 1746 civitate
787 1682 902 1758 sitam,
919 1699 1049 1744 merces
1060 1680 1273 1763 peregrinas,

325 1791 360 1848 et
380 1802 467 1865 quas
482 1784 578 1866 prius
592 1782 717 1848 Oriens
739 1801 809 1846 non
830 1781 992 1858 habebat,
1009 1779 1100 1863 apud
1119 1778 1273 1844 Alexan-

325 1883 447 1961 driam,
465 1902 543 1964 quae
559 1882 682 1946 ultima
705 1882 829 1945 civitas
846 1889 900 1947 est
917 1879 1076 1964 AEgypti,
1091 1879 1178 1944 lucri
1193 1899 1273 1961 gra·

327 1984 376 2047 tia
405 1982 545 2064 navigio
575 1980 709 2046 adferre
738 1981 917 2061 solebant3
950 1981 1041 2045 unde
1079 1986 1150 2044 tam
1182 1979 1273 2062 regis

325 2101 427 2165 quam
452 2082 644 2164 principum
672 2101 813 2146 suorum
837 2082 979 2165 plenam¹
997 2079 1173 2144 consecuti
1194 2099 1274 2162 gra·

327 2184 423 2259 tiam,
448 2182 548 2263 quusi
574 2182 808 2264 negotiatores
832 2202 944 2246 rerum
971 2181 1120 2258 utilium,
1143 2199 1274 2245 memes

325 2281 595 2346 circumferendo
626 2282 799 2364 regionem
834 2289 942 2347 totam
974 2280 1080 2345 libere
1113 2287 1275 2362 poterant

326 2382 481 2446 circuire.
533 2381 689 2463 Contigit
714 2402 810 2466 ergo,
824 2383 916 2465 quod
934 2401 1011 2445 cum
1027 2387 1143 2445 essent
1158 2379 1277 2444 Chris-

326 2481 424 2557 tiani,
440 2482 576 2563 quoties
595 2483 836 2565 opportunitas
853 2501 890 2545 se
907 2481 1043 2558 obtulit,
1065 2488 1104 2545 ut
1122 2482 1202 2545 loca
1214 2500 1274 2546 ve·

327 2581 495 2646 notabilia
511 2589 642 2646 sanctae
660 2582 814 2647 civitatis
829 2583 995 2646 orationis
1018 2600 1059 2645 ac
1079 2581 1274 2646 devotionis

326 2682 441 2762 gratia
456 2681 659 2760 visitarent3
684 2702 753 2746 non
773 2682 940 2748 habentes
963 2689 1078 2746 autem
1095 2682 1131 2744 in
1156 2682 1276 2747 eadem

326 2782 468 2846 civitate
494 2781 702 2846 domicilium
726 2791 856 2847 certum
883 2783 919 2845 in
944 2801 1012 2864 quo
1036 2789 1178 2865 possent
1203 2802 1276 2846 mo·

327 2901 401 2945 ram
433 2881 545 2946 facere
577 2884 819 2960 necessariam,
851 2881 1034 2964 Calipham
1070 2883 1276 2965 AEgyptium

327 2982 456 3046 adeunt
470 2989 506 3046 et
520 2983 657 3065 plenam
680 2983 755 3066 ejus
778 2984 926 3066 gratiam
941 2983 984 3046 de
1004 2983 1076 3046 suis
1098 2983 1276 3065 petitioni·

327 3083 390 3145 bus
414 3083 612 3164 impetrant.
665 3083 810 3166 Scripsit
842 3103 925 3165 ergo
952 3082 1098 3166 Calipha
1132 3083 1273 3166 praesidi

329 3181 650 3264 Hierosolymorum
665 3182 801 3246 litteras
819 3190 989 3266 patentes,
1004 3191 1044 3247 ut
1057 3183 1141 3247 viris
1154 3181 1276 3246 Amal·

327 3281 454 3358 titanis,
471 3302 583 3345 rerum
600 3281 734 3346 utilium
753 3284 1058 3360 introductoribus,
1073 3283 1171 3348 locus
1186 3282 1275 3347 Hie·

327 3381 509 3464 rosolymis
531 3382 637 3465 juxta
667 3402 785 3446 eorum
813 3384 1020 3448 desiderium
1050 3384 1085 3447 in
1113 3403 1155 3447 ea
1176 3391 1276 3466 parte

363 3595 371 3628 ¹
393 3598 548 3661 Temporibus
568 3599 702 3663 Heraclii]
727 3600 789 3649 This
814 3600 836 3648 is
854 3601 954 3662 enough
969 3605 995 3650 to
1015 3606 1121 3650 account
1132 3601 1170 3650 lor
1180 3602 1223 3651 the
1240 3604 1277 3651 iu·

328 3675 436 3718 account
446 3668 475 3717 of
487 3669 530 3718 the
548 3670 688 3718 institution
704 3668 734 3719 oi
746 3670 789 3720 the
814 3671 906 3719 sertion
921 3671 950 3719 of
964 3671 1031 3721 them
1050 3673 1076 3720 in
1091 3671 1142 3720 this
1153 3673 1226 3735 place
1242 3674 1276 3734 by

328 3739 401 3788 order
408 3739 437 3788 oi
445 3739 486 3787 the
499 3739 610 3800 Kuights
619 3740 789 3800 Hospitallers
814 3741 963 3790 Weudorer.
1001 3743 1076 3804 Upon
1093 3741 1135 3791 the
1152 3742 1280 3805 origines

328 3808 357 3857 of
364 3811 390 3858 S.
402 3809 470 3858 John
481 3809 510 3858 of
518 3810 660 3858 Jerusalem
673 3811 695 3858 is
711 3810 788 3859 taken
813 3811 864 3858 this
881 3811 954 3860 order
971 3811 1013 3860 the
1033 3812 1121 3861 render
1139 3827 1198 3874 may
1218 3828 1276 3862 eon·

328 3881 415 3940 nearly
427 3880 548 3927 verbatim
566 3878 628 3927 irum
640 3880 751 3928 Williarn
764 3880 792 3929 oi
813 3881 865 3929 sult
885 3881 961 3943 Pagi,
978 3882 1005 3928 in
1020 3883 1112 3932 Annul.
1132 3883 1226 3933 Boron.
1242 3883 1275 3933 ud

327 3948 403 4010 Tyro,
415 3949 484 3997 Hist.
497 3949 624 3999 Hierosol.
632 3951 696 3998 inter
707 3949 789 4000 Gesta
813 3965 854 3999 an.
867 3954 944 4010 iustu
962 3952 1095 4013 Mabillon,
1107 3953 1200 4002 hunul.
1212 3969 1237 4004 v.
1249 3970 1274 4016 p.

328 4017 379 4066 Dei
390 4033 435 4080 per
447 4019 565 4079 Francos,
577 4020 609 4070 iv.
624 4036 649 4082 p.
661 4024 720 4081 933,
732 4021 788 4069 who
813 4025 875 4080 leth
889 4022 974 4083 bosio,
986 4022 1055 4070 Dell'
1066 4023 1140 4072 letor.
1152 4024 1222 4073 della
1237 4039 1277 4073 aa·

328 4094 405 4137 states
416 4089 471 4137 that
481 4089 523 4136 the
534 4095 620 4138 events
638 4091 731 4138 related
744 4107 787 4139 oc-
813 4106 856 4139 cra
872 4093 991 4153 religione
1008 4093 1166 4143 etill.n1ilit.
1181 4095 1208 4142 di
1225 4095 1276 4144 San

328 4160 418 4208 curred
437 4162 564 4220 ‘tempore
581 4161 675 4208 domiui
695 4161 786 4209 Eraclii
813 4161 1152 4223 (liov.(lierosol.p.3;and
1160 4164 1278 4226 Miratus,

329 4229 495 4279 Romanorum
511 4231 686 4292 imperatoris,'
703 4231 787 4280 which
812 4232 885 4292 Orig.
898 4232 1003 4292 Equest.
1015 4232 1078 4282 Ord.
1090 4249 1115 4294 p.
1128 4239 1152 4283 2.
