2888 4852
436 404 577 455 smnus
599 404 868 455 nrsroaranuu.
1063 389 1129 455 169

173 560 246 627 lata
258 561 340 641 suit,
352 562 584 645 praesentibus
600 563 773 647 episcopis
787 562 958 647 plurimis,
974 562 1127 627 omnium

170 661 303 746 judicio
326 664 459 746 absque
479 662 622 727 crimirm
639 662 747 727 fuisse
768 671 953 729 accusatus
976 684 1129 747 pronun-

175 762 283 827 tiatur
303 769 340 828 et
356 764 559 846 episcopatu
585 762 819 846 dignissimus.
865 763 946 844 Quo
973 772 1127 847 tempore

175 880 250 927 cum
272 882 369 946 papa
389 862 558 947 synodum
583 862 709 928 Romae
732 872 870 928 centum
888 864 1012 947 viginti
1028 866 1129 948 quin·

176 981 241 1045 que
268 962 510 1047 opiscoporum
524 970 785 1047 congregasset,
800 963 967 1028 adversus
990 985 1050 1029 eos
1066 965 1127 1047 qui

175 1061 334 1127 haeresim
360 1062 669 1128 Monothelitarum
694 1063 987 1146 dogmatizabant,
1009 1065 1127 1129 vocari

174 1160 280 1245 jussit
298 1168 334 1227 et
347 1161 560 1241 wilfridum,
577 1172 683 1246 atque
705 1163 797 1227 inter
813 1163 993 1246 episcopos
1015 1164 1127 1228 consi·

176 1261 314 1326 dentem
326 1261 429 1327 fidem
443 1281 542 1327 suam
556 1261 659 1327 simul
676 1269 713 1328 et
726 1263 914 1346 provincia
932 1262 1056 1346 [unde]
1066 1282 1127 1328 ve·

177 1367 288 1439 uerat,
302 1362 416 1428 dicere
433 1363 609 1447 praecepit.
663 1362 734 1443 Qui
756 1381 836 1428 cum
857 1363 894 1427 in
918 1362 984 1427 fide
1006 1363 1126 1428 catho-

177 1461 263 1527 licus
277 1482 357 1527 cnm
371 1463 446 1527 suis
466 1463 630 1528 inventus
645 1463 781 1542 suisset,
796 1462 839 1527 de
858 1463 963 1528 rebus
981 1464 1048 1527 sihi
1063 1464 1128 1528 im·

176 1560 300 1645 positis
327 1562 508 1628 absolutus
531 1571 608 1644 est3
643 1582 871 1646 reversusque
896 1563 1127 1642 Britanniam,
1140 1581 1290 1623 namma

176 1661 391 1745 provinciam
417 1663 624 1728 australium
648 1663 827 1728 Saxonum
851 1664 896 1728 ab
919 1663 1126 1728 idololatriae
1139 1632 1244 1683 mm

177 1762 329 1827 tenebris
344 1762 390 1827 ad
406 1761 508 1828 fidem
520 1762 652 1828 Christi
667 1764 852 1828 convertit.
903 1760 960 1827 Ad
979 1762 1127 1829 Vectam

177 1882 314 1946 quoque
334 1862 484 1927 insulam
503 1864 600 1928 verhi
623 1863 689 1928 Dei
712 1864 888 1928 ministros
910 1862 1050 1942 direxit,
1073 1872 1127 1930 at·

178 1981 244 2046 que
261 1962 413 2028 secundo
432 1982 525 2028 anno
541 1961 705 2041 Aldfridi,
721 1964 780 2046 qui
798 1970 878 2046 post
894 1962 1076 2045 Egiridum
1090 1966 1126 2028 in

178 2062 498 2129 Northanhumbria
514 2064 686 2145 regnavit,
694 2064 811 2128 sedem
825 2082 937 2141 suam,
953 2064 1030 2147 ipso
1045 2084 1127 2147 rege

177 2163 341 2241 donante,
357 2165 498 2247 recepit.

241 2262 409 2346 Ingresso
440 2271 594 2347 tempore
623 2263 786 2346 quodam,
825 2284 903 2328 curu
944 2263 1126 2346 parochias
1139 2279 1263 2331 umen

176 2363 347 2441 risitaret,
373 2363 492 2427 villam
513 2362 690 2441 Wilfrido,
713 2384 792 2446 quae
818 2364 1038 2428 Tundanesre
1064 2331 1191 2448 κιρ-Μ’

178 2463 340 2546 pellatur,
373 2463 524 2528 occurrit
552 2464 585 2527 ei
617 2463 799 2527 mulierum
828 2464 977 2546 plurima
1011 2464 1129 2528 multi-

166 2564 273 2642 tudo,
309 2581 437 2647 pueros
466 2563 517 2627 illi
547 2562 693 2628 offerens
727 2563 991 2627 confirmandos.
1058 2563 1129 2627 Im-

176 2664 316 2729 miscuit
337 2671 455 2729 autem
476 2682 514 2727 se
534 2661 747 2728 multitudini
767 2663 979 2746 paupercula
1004 2663 1129 2727 mulier

177 2756 304 2829 ¹hlium
332 2782 458 2847 gerens
489 2763 696 2840 exanimem,
723 2782 825 2844 quem
853 2763 898 2827 ad
923 2761 1129 2827 confirman-

177 2863 258 2929 dum
287 2864 451 2946 episcopo
478 2862 647 2946 porrexit,
673 2862 816 2928 credens
843 2861 908 2926 hoc
932 2870 1127 2927 commento

177 2983 279 3048 posse
311 2982 350 3028 se
379 2962 487 3027 filium
520 2963 672 3046 recipere
702 2981 853 3041 sanum3
887 2962 948 3025 sed
982 2962 1128 3026 antistes

177 3082 253 3129 cam
271 3082 417 3147 puerum
438 3062 640 3140 detexisset,
657 3070 697 3126 ut
716 3069 945 3144 exequeretur
966 3060 1127 3140 officium,

177 3165 292 3229 anima
321 3162 497 3247 privatum
529 3161 690 3227 advertit.
743 3161 833 3225 Tum
857 3162 981 3226 mulier
1006 3161 1128 3225 fraude

176 3264 402 3348 deprehensa,
422 3262 467 3327 ad
493 3281 612 3346 preces
634 3280 803 3325 conversa
825 3280 1044 3343 exoransque
1067 3280 1129 3343 per

178 3363 291 3429 Deum
309 3371 344 3428 et
361 3362 436 3448 ejus
458 3370 616 3438 matrem,
632 3369 672 3425 ut
693 3369 808 3425 motus
830 3362 961 3444 pietate
983 3380 1127 3443 puerum

177 3464 370 3528 exanimem
389 3463 571 3539 excitaret,
590 3462 815 3544 vestigiisque
836 3462 945 3543 ipsius
962 3460 1129 3525 advoluta

178 3561 301 3649 [dixit]
316 3582 355 3627 se
372 3583 440 3627 non
457 3580 670 3627 recessuram
686 3580 708 3624 a
725 3561 868 3643 pedihus
885 3580 973 3642 quos
989 3563 1130 3626 tenebat

177 3664 285 3728 donec
295 3662 405 3728 filium
413 3681 536 3727 sanum
548 3661 746 3745 recepisset.
771 3660 1128 3724 Fluctuabatinterim

176 3764 386 3829 sanctissimi
408 3762 558 3828 hominis
582 3760 768 3837 sententia,
791 3780 835 3824 an
863 3769 990 3824 temere
1012 3759 1128 3825 insue-

172 3872 251 3930 tum
280 3863 484 3927 miraculum
507 3867 706 3939 attentaret,
736 3879 780 3924 an
808 3860 914 3923 durus
937 3858 1129 3942 despiceret

175 3965 306 4029 orbate
323 3963 519 4047 lachrymas
533 3961 686 4024 mulieris
700 3981 709 4039 ;
737 3960 798 4023 sed
816 3960 899 4023 vicit
920 3959 1033 4041 pietas
1048 3979 1129 4042 pec·

209 4141 218 4173 ¹
243 4142 338 4192 Putea
364 4154 453 4203 germ
479 4132 637 4205 exenium]
666 4137 759 4199 dius,§
780 4141 820 4186 la.
856 4136 910 4184 'l’he
929 4136 1002 4197 place
1021 4137 1044 4185 is
1061 4135 1131 4184 there

174 4213 236 4264 'l'hia
252 4211 356 4265 nuato
370 4212 393 4261 is
407 4208 529 4261 recorded
540 4209 574 4270 by
586 4208 639 4257 Ed·
667 4208 749 4257 called
761 4205 952 4258 Outiddnnufri.
