2888 4852
317 396 362 457 71)
563 409 698 457 uocum
722 410 769 456 nu
793 407 1001 456 wnunovuu

319 570 395 635 dies
412 568 570 645 Paschae,
584 569 619 632 iu
636 587 670 631 v.
689 566 759 632 kal.
778 564 921 650 Aprilis,
942 566 1020 630 ideo
1042 564 1269 647 improbatur,

320 671 404 752 quia
420 676 590 752 repugnat
604 667 814 749 evangelicae
830 667 978 730 veritati.
1031 664 1113 729 Hoc
1129 684 1268 749 qnoque

320 789 413 835 auno
429 770 616 852 imperator
632 767 656 832 J
659 768 855 831 ustinianus
881 767 987 830 libros
1003 765 1118 848 legum
1137 765 1269 830 Roma-

322 889 445 935 norum
460 868 677 933 abbreviavit
699 866 735 931 in
757 887 826 931 uno
843 866 1029 944 volumine,
1045 865 1137 948 quod
1155 865 1178 930 J
1182 867 1269 930 usti·

321 969 463 1035 alanum
478 973 635 1033 vocatur.

406 1143 507 1208 Uerrio
515 1143 641 1228 primus
657 1164 710 1205 rea
724 1139 911 1205 australium
926 1141 1084 1205 Saxonum
1098 1138 1183 1205 obiit.

374 1265 477 1333 Anno
502 1267 625 1349 gratiae
648 1265 961 1344 nxxx111.Certic,
983 1266 1114 1349 primus
1131 1285 1194 1329 rex
1211 1285 1271 1329 oc·

216 1383 221 1393 ·
323 1367 544 1434 cidentalium
569 1366 759 1444 Saxonum,
780 1374 936 1431 mortuus
963 1373 1028 1444 est,
1051 1372 1087 1430 et
1111 1367 1271 1448 regnavit

324 1487 388 1553 pro
419 1486 460 1532 eo
488 1461 651 1531 ¹Kiueric
680 1466 772 1530 filius
806 1465 882 1549 ejus
911 1466 1036 1549 viginti
1062 1485 1125 1530 sex
1156 1467 1270 1530 anuis.

325 1566 456 1634 Eodem
479 1575 645 1650 tempore,
669 1586 732 1631 rex
750 1564 936 1644 Arthurus,
959 1574 1069 1631 totam
1094 1566 1270 1649 Europam

323 1667 512 1752 subjugare
534 1668 711 1745 affectans,
733 1674 856 1750 parato
876 1667 1029 1749 navigio,
1048 1665 1270 1749 Norwegiam

324 1768 445 1835 adivit.
491 1768 661 1847 Quocum
675 1767 901 1850 pervenisset,
917 1767 1050 1832 invenit
1060 1766 1271 1832 Sichelinum

325 1869 448 1953 patriae
470 1868 563 1932 illius
582 1888 696 1950 regem
714 1867 790 1951 jam
812 1867 1023 1945 defunctum,
1040 1866 1101 1951 qui
1121 1867 1272 1932 moriens

164 1984 243 2029 mou:
327 1968 440 2034 hotho
456 1969 588 2032 sororio
600 1966 746 2032 Arthnri
763 1988 908 2050 reguum
922 1968 1162 2050 assignaverat
1178 1967 1273 2033 Nor-

164 2032 290 2137 fflssi'
326 2069 557 2151 wegensium;
598 2076 673 2132 erat
710 2069 800 2132 enim
827 2067 917 2133 Loth
952 2087 1060 2151 nepos
1095 2066 1273 2147 Sicheliui,

164 2133 292 2187 mm
320 2169 462 2257 jtrveuis
493 2168 588 2232 mirae
622 2167 805 2251 probitatis
832 2177 939 2251 atque
965 2167 1152 2251 largitatis,
1180 2169 1272 2232 unde

324 2269 392 2335 cibi
405 2269 441 2332 in
456 2288 600 2351 regnum
614 2268 798 2332 succedere
814 2269 1054 2351 adoptaverat.
1106 2268 1193 2334 Erat
1211 2288 1274 2333 au·

326 2377 395 2436 tem
418 2377 500 2433 tunc
516 2362 750 2433 ²Walwaiuus
768 2368 860 2432 filius
882 2369 1039 2453 praedicti
1055 2367 1171 2447 Lothi,
1186 2370 1273 2434 duo·

325 2469 435 2535 decim
464 2487 631 2533 annorum
653 2469 806 2553 juvenis,
834 2468 963 2552 Vigilio
990 2488 1091 2553 papae
1123 2469 1272 2534 traditus

325 2569 370 2637 ad
396 2569 629 2646 nutriendum,
645 2587 667 2632 a
681 2589 751 2652 quo
772 2570 877 2634 etiam
894 2576 930 2634 et
945 2569 1077 2634 militiae
1096 2568 1272 2653 cingulum

325 2670 470 2753 accepit.
522 2669 677 2735 Tandem
699 2689 776 2734 cum
801 2668 976 2734 Arthurus
1002 2668 1165 2748 Lotbum,
1190 2672 1272 2735 sub·

325 2772 413 2838 actis
431 2769 737 2853 Norwegeusibus‚
754 2769 790 2833 in
813 2790 955 2853 regnum
980 2770 1212 2846 sublimasset,
1227 2771 1273 2835 ad

324 2871 541 2937 Britanniam
579 2890 658 2935 cum
696 2869 823 2954 gaudio
858 2871 1037 2948 remeavit,
1071 2869 1273 2936 Gallicanas

323 2979 440 3056 partes
463 2971 558 3036 adire
580 2971 790 3048 desiderans,
806 2990 894 3055 quas
915 2991 1021 3055 supra
1042 2972 1181 3036 modum
1206 2972 1273 3037 sibi

322 3072 468 3136 subdere
483 3072 678 3136 anhelabat.

374 3169 480 3236 Anno
494 3174 616 3254 gratiae
636 3189 798 3236 uxxxru
815 3171 1051 3237 Theudoricus
1066 3172 1185 3250 abhas,
1202 3173 1272 3237 dis-

324 3272 459 3356 cipulus
485 3274 597 3337 sancti
624 3271 787 3354 Remigii,
814 3281 850 3337 et
876 3272 1124 3357 Theodulphus
1152 3274 1272 3352 abhas,

323 3373 432 3458 ipsius
449 3372 655 3436 Theoderici
669 3372 870 3457 discipulus,
884 3374 920 3436 in
935 3372 1054 3438 Gallia
1068 3373 1211 3438 clarent.

373 3470 477 3536 Anno
499 3473 622 3554 gratiae
640 3489 788 3538 nxm.
806 3473 842 3537 in
859 3472 978 3539 Gallia
998 3474 1131 3539 clarent
1147 3473 1272 3538 fratres

323 3573 462 3650 uterini,
503 3573 622 3637 eadem
654 3574 708 3637 die
739 3574 825 3651 nati,
857 3575 976 3638 eadem
1006 3575 1060 3639 die
1091 3574 1271 3656 pontifices

322 3674 527 3751 consecrati,
542 3673 730 3738 Medardus
741 3673 901 3739 videlicet
918 3675 961 3738 ad
979 3674 1118 3739 titulum
1137 3672 1271 3739 Novio·

321 3792 485 3853 mensem,
502 3772 690 3838 Gildardus
717 3774 760 3838 ad
780 3774 1109 3856 Rothomageusem,
1127 3794 1196 3839 uno
1213 3775 1269 3838 die

320 3874 471 3945 absoluti
487 3893 509 3938 a
523 3875 640 3939 seculo
657 3883 692 3939 et
707 3875 883 3959 adsumpti
898 3895 919 3939 a
934 3874 1085 3940 Christo.

534 4082 586 4133 *liar
607 4083 691 4147 qiua]
719 4083 781 4133 This
839 4080 1270 4153 'quluuinua.]Aitarwa1dskill-

554 4155 779 4217 ¹=12mu11tgive11by
805 4155 837 4203 ed
857 4155 938 4204 attha
955 4156 1032 4204 battle
1042 4155 1072 4204 oi
1084 4155 1232 4217 Saudwich,
1243 4157 1269 4204 in

806 4225 847 4274 the
860 4240 921 4286 year
931 4229 1052 4286 alinae
1064 4225 1154 4288 below,
1165 4241 1193 4288 p.
1204 4230 1245 4276 74.
