2888 4852
443 433 583 483 riores
606 418 888 482 nrsroamnuu(
1067 418 1132 483 177

194 652 362 739 Interfecto
376 657 795 745 requorthooltccobrorom
809 659 959 744 Eosrido,
973 659 1112 726 sueonie

463 758 638 843 Allsrc'dce
644 760 755 843 frater
769 758 843 843 ejus.

227 873 333 941 Anno
347 880 470 960 gratiae
486 899 681 948 cccxxxv,
701 876 896 946 ¹Jobannes
915 882 1005 945 sedit
1019 882 1056 945 in
1070 902 1128 947 ca·
1141 905 1195 946 aa.
1205 908 1250 946 aa.

177 972 300 1040 thedra
320 977 482 1044 Romana
514 1001 606 1047 anno
631 1002 712 1047 uno.
765 976 914 1046 ²Eodem
941 1000 1033 1045 anno
1064 1004 1126 1047 rex
1139 956 1230 1058 ffiv‘

177 1073 341 1156 ngridus
356 1077 753 1159 Nortbanhumbrornm,
776 1102 855 1145 cum
876 1089 1004 1146 temere
1026 1102 1126 1146 exer·
1139 1103 1242 1144 maor

175 1174 281 1238 citum
311 1178 356 1241 ad
386 1181 574 1246 vastandas
600 1181 780 1246 Pictorum
806 1181 1003 1264 provincias
1036 1182 1126 1246 dux·
1139 1153 1242 1204 mm*

175 1272 272 1353 isset,
301 1277 447 1343 multum
474 1282 735 1364 prohibentibus
762 1282 881 1346 amicis
907 1300 949 1344 ac
976 1283 1126 1346 maxime

174 1372 286 1464 beatae
303 1379 477 1444 memoriae
494 1379 698 1457 Cutbberto,
716 1382 776 1465 qui
801 1401 910 1463 nuper
925 1381 1037 1445 fuerat
1054 1382 1126 1464 epi·

174 1491 302 1556 scopus
324 1478 516 1559 ordinatus,
535 1481 778 1545 simulantibus
798 1500 882 1562 ergo
904 1480 1023 1562 sugam
1046 1481 1126 1546 hos·

175 1572 281 1653 tibus,
306 1577 522 1644 introductus
547 1589 601 1645 est
624 1581 660 1644 in
683 1588 851 1663 angustas
877 1581 1045 1644 montium
1070 1582 1124 1645 in·

175 1679 405 1742 accessorum'
423 1679 588 1758 latebras,
613 1689 719 1763 atque
743 1700 822 1744 cum
846 1680 1000 1743 maxima
1026 1688 1125 1762 parte

176 1774 367 1855 copiarum,
388 1797 476 1860 quas
495 1799 609 1844 secum
630 1780 837 1857 adduxerat,
859 1787 913 1843 est
934 1781 1124 1846 extinctus.

66 1939 72 1949 ,
176 1871 352 1940 Successit
375 1878 407 1942 ei
430 1879 537 1943 irater
562 1879 638 1965 ejus
663 1878 856 1956 Albfridus,
885 1879 966 1943 licet
987 1898 1056 1942 non
1081 1880 1124 1945 de

120 1968 124 1973 ’
174 1971 329 2055 legitimo
350 1980 569 2044 matrimonio
591 1988 787 2062 susceptus,
802 1979 862 2042 sed
886 1980 922 2041 in
944 1981 1124 2062 scripturis

175 2073 229 2137 vir
261 2073 492 2156 doctissimus,
526 2080 586 2163 qui
619 2080 717 2162 regni
753 2086 895 2156 statum,
927 2078 963 2141 in
998 2098 1125 2159 magna

174 2181 275 2255 parte
303 2175 518 2257 inclinatum,
548 2180 769 2244 laudabiliter
800 2179 988 2261 reparavit.
1042 2179 1125 2245 Fuit

176 2281 293 2338 antem
325 2276 489 2359 Egiridns
522 2279 614 2343 filius
641 2279 750 2344 Oswii
777 2286 813 2343 et
837 2277 1013 2343 Eanfledae
1044 2277 1124 2345 filiae

176 2375 269 2456 regis
301 2375 484 2458 Eadwini3
518 2379 656 2444 Oswins
690 2399 773 2444 vero
804 2378 895 2443 filins
926 2375 1124 2455 Athelsridi,

177 2475 237 2555 qui
275 2475 341 2541 suit
369 2475 550 2557 Athelrici,
583 2480 643 2562 qui
680 2479 747 2542 fuit
780 2478 867 2556 Idae,
900 2478 1001 2559 primi
1033 2477 1125 2559 regis

178 2571 563 2643 Nortbanbumbrorum
583 2598 629 2643 ex
644 2576 784 2660 Anglis.
829 2577 987 2658 Contigit
1008 2585 1124 2642 entem
1137 2599 1232 2641 nume.

176 2670 212 2735 in
228 2666 337 2739 ³bollo
352 2678 502 2760 quodam
522 2680 613 2744 iuter
630 2678 811 2760 Egiridum
835 2685 870 2741 et
893 2697 1008 2758 regem
1030 2676 1125 2740 Mer·

177 2772 307 2838 ciorum
322 2776 562 2855 Athelredum,
579 2786 620 2843 ut
639 2797 746 2860 supra
769 2777 902 2841 dictum
925 2785 991 2854 est,
1009 2786 1126 2840 actum

178 2872 380 2940 admirabile
404 2878 620 2955 miraculum,
639 2878 733 2961 quod
756 2877 786 2941 si
809 2876 978 2941 reseratur
999 2877 1126 2940 multo·

178 2992 253 3037 rum
269 2975 376 3040 saluti
397 2978 545 3042 arbitror
567 2978 639 3041 fore
656 2977 858 3060 proficuum.
910 2975 1056 3040 Occisus
1074 2983 1127 3040 est

180 3074 324 3139 enimin
348 3075 409 3140 illa
430 3096 548 3161 pugna
569 3078 661 3142 inter
686 3077 773 3141 alios
794 3076 836 3140 de
858 3075 982 3139 militia
998 3095 1127 3139 memo·

180 3173 246 3237 rati
268 3172 414 3257 Egirldi,
430 3177 573 3262 juvenis
592 3176 744 3259 quidam,
766 3173 917 3239 ‘Imma'
938 3174 1126 3254 vocabu103

181 3273 240 3355 qui
268 3293 345 3339 cum
376 3276 431 3341 die
463 3277 536 3354 illo,
561 3296 630 3358 quo
657 3277 792 3340 occisus
822 3283 887 3351 est,
914 3294 992 3338 oum
1023 3282 1126 3338 nocte

179 3374 336 3456 sequenti
353 3376 444 3440 inter
458 3376 630 3440 cadavera
646 3375 836 3440 occisorum
853 3374 974 3437 similis
992 3381 1128 3437 mortno
1233 3419 1237 3428 ,

175 3471 321 3556 jaceret,
344 3475 482 3540 tandem
508 3483 686 3559 resumpto
710 3475 834 3558 spiritu
859 3473 987 3536 revixit
1014 3479 1049 3535 et
1073 3493 1127 3536 re·

180 3571 295 3637 sidens
333 3594 398 3638 sua
433 3574 591 3652 vulnera,
633 3582 737 3659 prout
778 3573 904 3656 potnit,
942 3571 1127 3652 alligavit3

180 3670 259 3736 dein
299 3674 470 3740 modicum
517 3675 736 3759 requiescens
775 3673 906 3736 levavit
952 3678 988 3735 et
1034 3672 1129 3735 abire

215 3878 378 3947 'datumst
391 3882 507 3933 thelllth.
531 3883 573 3933 He
582 3883 641 3932 died
670 3868 808 3946 dataro,
829 3878 933 3929 Alhirid
944 3878 1047 3942 reigned
1058 3880 1130 3928 nine-

180 3950 478 4016 tbetudoiriugnstofltl
486 3969 495 4016 ;
508 3954 643 4017 Batonius,
668 3958 724 4002 teen
735 3965 819 4012 years.

182 4018 289 4088 adnn.§
302 4026 325 4074 1.
703 4020 796 4071 3Βιὶὶο
807 4018 930 4083 quodem]
948 4016 1002 4064 The
1013 4016 1092 4064 battle
1104 4016 1134 4064 oi

667 4092 758 4152 ibent,
770 4105 812 4139 see
820 4091 909 4149 above,
917 4088 942 4135 in
952 4086 994 4134 the
1002 4101 1061 4147 year
1072 4089 1131 4134 679.

215 4157 328 4211 ’limen
337 4162 420 4227 orno]
436 4163 490 4212 'l'lre
501 4167 608 4213 account
618 4162 647 4212 oi
667 4163 720 4211 The
732 4161 835 4209 miracle
847 4161 869 4208 is
879 4155 998 4208 recorded
1007 4157 1039 4216 by
1050 4155 1132 4217 Beda,

182 4228 226 4281 the
235 4230 312 4282 death
321 4232 352 4282 oi
361 4233 507 4310 Ecgfritbis
518 4234 580 4285 from
592 4233 643 4282 Be·
669 4230 681 4298 §
693 4235 751 4295 317,
761 4245 825 4297 seqq.

233 4323 311 4373 von.
329 4324 354 4373 1.
963 4315 986 4362 N
