2888 4852
321 415 386 479 150
570 429 705 478 uocem
729 430 775 477 ne
799 427 1008 477 weunovnn

324 588 467 666 nutrire,
484 588 543 670 qui
559 607 703 670 regnum
722 591 819 650 tuum
838 585 1027 669 aliquando
1052 585 1115 650 tibi
1138 584 1275 650 auferre

324 695 555 772 praesument3
578 688 670 753 unde
692 687 873 752 consilium
895 686 982 751 utile
1002 686 1067 750 tibi
1087 685 1276 764 crederem,

327 796 389 853 ant
412 808 473 853 eos
498 790 534 853 in
561 787 789 871 longinquum
815 786 918 868 dirigi
940 786 1082 850 exilium
1107 793 1170 851 aut
1191 785 1275 850 mihi

160 905 301 947 messene
327 889 419 954 tradi
448 890 544 953 sines
575 889 618 952 ad
643 885 878 971 perdendum.'
935 885 1035 968 Rege
1060 886 1179 970 itaque
1211 885 1277 951 hoc

163 956 262 1005 ⁰⁰¹²'¹¹¹'⁵
327 988 567 1053 dissimulante
593 996 629 1053 et
654 987 716 1052 1110
743 987 884 1070 saepius,
911 994 950 1051 ut
976 986 1012 1050 iu
1039 986 1149 1064 fieret,
1172 987 1277 1051 insti-

327 1098 447 1171 gante,
462 1089 543 1154 dum
557 1108 620 1152 rex
631 1088 746 1171 tepide
764 1087 952 1171 prohibuit,
966 1086 1121 1150 audaciae
1138 1087 1278 1151 temeri·

328 1197 436 1254 tatem
465 1197 505 1254 ut
535 1188 761 1271 perderentur
790 1187 944 1252 insontes
976 1185 1127 1251 induxit.
1178 1184 1273 1266 Quid

327 1289 455 1372 plural
507 1286 676 1352 Armatur
706 1289 808 1352 turbo
842 1287 981 1351 nomine
1010 1285 1152 1351 Thuuer
1179 1287 1278 1351 rabie

328 1389 511 1466 diabolica,
529 1389 615 1453 etin
630 1388 722 1471 regis
743 1386 912 1465 absentia,
928 1387 1169 1452 innocentibus
1186 1406 1277 1470 prae·

329 1489 411 1555 fatis
427 1488 655 1572 ignominiose
671 1488 856 1574 jugulatis,
872 1488 908 1551 in
926 1487 1008 1551 aula
1026 1487 1124 1569 regia
1139 1488 1206 1551 sub
1222 1507 1277 1551 re-

329 1590 401 1671 gali
415 1589 581 1654 cathedra
594 1588 794 1653 indecenter
806 1594 1004 1652 sanctorum
1018 1605 1165 1670 corpora
1179 1606 1278 1670 sepe-

327 1689 416 1755 livit.
469 1689 626 1754 Reverso
648 1690 767 1772 itaque
795 1708 889 1769 rege,
914 1687 1130 1770 intempestae
1162 1688 1276 1752 noctis

326 1791 443 1874 quiete
461 1790 623 1855 columna
639 1790 726 1854 lucis
741 1789 877 1854 caelitus
895 1788 1022 1852 emissa
1046 1787 1160 1870 regias
1181 1787 1275 1852 aedes

326 1890 549 1954 inestimabili
581 1890 741 1954 claritate
775 1888 943 1971 replevit3
984 1905 1089 1971 quam
1127 1887 1277 1952 ministri

326 1991 369 2055 de
386 1991 479 2072 regis
495 1990 626 2054 familia
641 1988 815 2054 intuentes
833 1996 869 2052 et
890 2007 963 2071 prae
985 1995 1128 2071 stupore
1146 1988 1184 2052 iu
1206 1995 1277 2053 ter·

327 2110 400 2154 ram
417 2098 629 2168 corruenteS,
652 2090 688 2154 in
707 2087 895 2153 amentiam
909 2088 981 2152 fere
998 2089 1157 2152 conversi
1181 2096 1276 2153 sunt.

328 2189 485 2272 Cumque
509 2209 573 2253 rex
589 2190 633 2253 ad
654 2188 841 2254 tumultum
862 2188 1051 2253 satellitum
1075 2189 1277 2270 evigilasset

327 2296 362 2355 et
378 2308 519 2354 causam
541 2290 712 2354 tumultus
733 2289 872 2373 penitus
893 2289 1102 2371 ignorasset,
1124 2289 1168 2353 de
1191 2308 1275 2355 con·

248 2476 250 2480 4
326 2390 508 2454 suetudine
544 2389 707 2467 surrexit,
742 2396 782 2452 ut
819 2389 1010 2453 matutinos
1042 2387 1202 2469 audiret3
1239 2397 1274 2455 et

327 2509 487 2572 egressus
502 2509 524 2554 a
541 2489 644 2554 domo
665 2490 753 2554 vidit
767 2490 884 2553 orbem
900 2488 982 2553 novi
1003 2488 1196 2572 splendoris
1218 2508 1275 2554 ra·

327 2590 393 2654 diis
419 2596 678 2669 coruscantem
701 2597 737 2654 et
750 2589 950 2654 recordatus
971 2596 1025 2654 est
1046 2608 1109 2652 rex
1124 2588 1167 2654 de
1192 2608 1276 2654 con·

327 2689 539 2756 fabulatione
556 2709 660 2773 quam
678 2708 757 2754 cum
773 2690 931 2754 ministro
954 2688 1093 2754 sceleris
1107 2688 1277 2755 habuerat

327 2789 370 2855 de
381 2790 563 2874 perdendis
575 2790 703 2874 pueriS,
720 2794 756 2853 et
769 2790 994 2855 contristatus
1009 2798 1063 2854 est
1075 2789 1188 2856 valde.
1229 2791 1276 2856 Et

328 2891 439 2955 accito
456 2891 499 2955 ad
517 2910 554 2955 ee
570 2890 764 2974 iniquitatis
787 2897 928 2955 auctore
941 2889 1086 2973 requirit
1100 2891 1144 2954 ab
1159 2909 1201 2955 eo
1215 2891 1276 2955 ubi

327 2998 444 3055 essent
468 2991 608 3074 cognati
632 2990 699 3066 sui,
719 2990 781 3073 qui
807 2991 873 3054 sibi
899 2989 1038 3080 adstare
1062 2988 1183 3055 diebus
1204 2991 1277 3054 sin·

327 3091 419 3172 gulis
446 3094 710 3169 consueverant,
730 3109 817 3173 quos
844 3088 899 3154 die
921 3089 1100 3173 praeterita
1120 3090 1188 3154 sibi
1212 3092 1276 3156 ed·

328 3198 421 3255 stare
448 3211 517 3255 non
539 3190 696 3270 viderat;
725 3198 763 3254 at
784 3190 856 3268 ille,
878 3209 973 3254 more
1002 3188 1101 3267 Cain,
1125 3190 1199 3273 regi
1221 3211 1275 3256 re·

326 3290 512 3373 spondens,
537 3291 599 3368 ait,
622 3289 679 3354 ‘N
681 3290 793 3370 escio;
822 3289 989 3373 numquid
1011 3298 1129 3354 custos
1150 3310 1276 3373 puero·

327 3410 404 3453 rum
426 3410 492 3471 ego
512 3410 589 3454 sum
600 3391 631 3454 l'
683 3389 740 3454 Ad
757 3409 859 3473 quem
874 3410 949 3467 rex,
965 3388 1095 3455 ‘Serve
1114 3410 1276 3474 nequam,

328 3499 366 3553 tu
382 3489 465 3553 mihi
480 3509 615 3573 semper
632 3490 675 3554 de
698 3492 748 3554 eis
773 3491 915 3554 sinistra
936 3490 1154 3573 praedicasti3
1171 3492 1275 3570 unde,

326 3591 548 3673 nequissime,
565 3597 600 3654 te
615 3597 764 3673 oportet,
775 3591 834 3653 ubi
851 3591 933 3668 sint,
943 3589 1118 3655 indicare!
1169 3592 1276 3657 Cum·

325 3709 393 3773 que
407 3692 556 3773 superbo
571 3691 696 3754 mentis
709 3690 893 3774 supercilio
907 3689 1077 3754 nefandus
1091 3691 1149 3756 ille
1171 3713 1275 3757 even·

326 3799 399 3854 tum
425 3789 474 3854 rei
496 3790 570 3873 regi
595 3790 794 3868 indicasset,
821 3791 930 3855 iratus
954 3798 1008 3855 est
1033 3790 1274 3875 vehementer3

325 3890 361 3953 in
383 3910 420 3953 se
443 3910 613 3967 reversus,
627 3891 735 3954 totius
750 3892 879 3954 crimen
901 3891 1039 3954 sceleris
1064 3891 1100 3955 in
1122 3893 1274 3976 seipsum

325 3991 540 4070 refundebat,
558 3999 594 4054 et
615 4009 721 4073 supra
745 3991 884 4055 modum
908 3991 1072 4055 confusus
1098 3993 1275 4059 residuum

324 4091 436 4156 noctis
463 4092 498 4154 in
532 4090 717 4174 lachrymis
748 4090 951 4156 deducebat.
1004 4091 1161 4156 Tandem
1194 4113 1274 4158 cum

323 4191 395 4256 dies
422 4193 523 4268 terris
554 4191 727 4256 illuxisset
752 4191 1049 4275 archiepiscopum
1081 4192 1274 4260 Deusdedit
