2888 4852
396 415 534 463 anonas
559 413 828 461 rusrorurnuu.
1021 400 1087 464 499

131 571 285 651 quandiu
310 573 460 636 inaniter
486 572 635 648 luctans,
661 579 700 635 ut
727 572 873 652 digitum
896 570 1083 654 frangeret,
1098 592 1188 643 uegeta.

132 669 185 733 vel
203 690 410 754 quocunque
432 672 534 736 modo
556 672 721 735 annulum
745 678 979 753 extorqueret,
1003 694 1081 737 cum

127 787 165 831 se
192 769 275 832 nihil
299 771 465 853 proficere
480 773 657 852 cognovit,
673 770 790 847 tacite,
805 790 847 833 ne
871 789 926 834 res
952 772 1080 836 sodali·

128 868 191 930 bus
215 869 459 947 innotesceret,
473 872 696 953 perturbatus
719 871 896 948 discessit;
921 878 956 933 ct
978 881 1079 937 nocte

125 970 296 1050 sequenti,
319 990 396 1033 cum
420 969 558 1033 famulis
584 970 627 1034 ad
649 979 801 1034 statuam
824 968 971 1045 rediens,
990 971 1078 1052 digi-

127 1074 200 1129 tum
221 1068 355 1133 invonit
376 1075 567 1145 extentum,
592 1077 628 1133 et
652 1068 816 1132 annulum
840 1069 1077 1134 admirabatur

125 1166 310 1231 sublatum.
350 1169 487 1232 Damno
500 1169 620 1251 itaque
634 1169 863 1244 dissimulato,
878 1188 954 1232 cum
972 1178 1074 1234 nocte

125 1267 283 1347 sequenti
304 1267 411 1350 juxta
442 1287 567 1330 novam
595 1287 633 1331 se
662 1267 879 1343 collocasset,
909 1267 1073 1350 quiddam

123 1365 327 1429 nebulosum
350 1367 459 1430 sensit
472 1375 507 1430 et
522 1367 665 1430 densum
691 1367 781 1430 inter
796 1387 834 1430 se
852 1374 887 1430 et
901 1367 997 1430 illam
1012 1389 1074 1432 vo·

123 1462 241 1541 lutari,
265 1466 356 1547 quod
380 1466 499 1530 sentiri
522 1466 636 1547 potuit
661 1485 724 1528 nec
742 1465 872 1544 videri3
896 1464 961 1529 hoc
985 1487 1071 1549 quo·

122 1581 189 1644 que
210 1565 390 1629 obstaculo
409 1567 453 1628 ab
468 1566 587 1629 uxoris
609 1565 772 1647 amplexu
788 1564 992 1647 prohibitus,
1009 1587 1071 1630 vo-

122 1681 196 1725 cem
224 1664 291 1727 sibi
313 1665 483 1729 dicentem
505 1664 650 1742 audivit,
676 1663 837 1727 ‘Mecum
869 1665 1070 1742 concumbe,

121 1761 204 1842 quia
218 1782 273 1826 me
291 1764 393 1828 hodie
407 1764 638 1845 desponsasti,
653 1783 732 1827 nam
754 1783 820 1844 ego
844 1782 920 1825 sum
935 1763 1069 1841 Venus,

120 1861 220 1943 cujus
235 1862 345 1945 digito
363 1862 528 1926 annulum
549 1864 714 1944 posuisti;
739 1863 849 1926 habeo
872 1863 982 1939 iilum,
1006 1885 1068 1929 nec

119 1960 282 2025 reddam.'
333 1962 499 2045 Elapsum
525 1969 578 2026 est
607 1970 722 2026 autem
747 1961 892 2025 multum
919 1968 1067 2043 tempus

117 2066 158 2122 ut
184 2079 391 2145 quacunque
413 2061 498 2125 hora
522 2061 580 2125 ille
605 2061 640 2124 in
661 2061 782 2124 uxoris
806 2061 937 2141 gremio
965 2061 1068 2126 vellet

118 2159 293 2236 recubare,
318 2161 353 2223 id
376 2162 490 2243 ipsum
512 2160 661 2224 sentitur
686 2168 721 2224 et
747 2159 901 2238 audivit3
928 2160 964 2222 in
989 2161 1067 2223 aliis

118 2258 255 2338 quidem
280 2260 383 2323 rebus
404 2260 545 2343 juvenis
570 2259 689 2323 valens
721 2266 796 2323 erat
824 2267 859 2322 et
890 2267 1065 2337 strenuus,

117 2363 188 2421 tam
205 2358 241 2420 in
254 2357 329 2422 soro
347 2379 451 2442 quam
467 2358 505 2422 in
517 2359 683 2423 exercitio
704 2358 854 2421 militari.
907 2357 1064 2437 Tandem

116 2454 158 2519 de
173 2457 316 2522 consilio
333 2458 464 2536 uxoris,
482 2477 537 2522 res
555 2466 778 2541 utrorumque
793 2458 993 2539 parentibus
1010 2466 1064 2523 est

116 2555 275 2636 detecta3
298 2558 349 2621 illi
364 2566 494 2634 autem,
508 2558 628 2622 habito
648 2576 752 2639 super
775 2557 840 2621 boc
858 2556 961 2621 celeri
980 2577 1062 2622 con-

115 2655 205 2732 silio,
238 2655 408 2721 Palumbo
439 2657 588 2733 cuidam,
620 2658 822 2738 presbytero
852 2656 1062 2733 suburbano,

116 2773 187 2817 rem
210 2763 342 2836 gestam
365 2762 556 2839 exponunt.
608 2755 694 2819 Erat
711 2755 850 2837 quidem
873 2754 931 2817 iile
949 2755 1062 2818 nicro-

115 2853 274 2917 manticis
291 2855 423 2918 artibus
444 2856 645 2930 instructus,
663 2861 702 2918 ut
725 2854 878 2935 magicas
892 2854 1063 2918 excitaret

115 2951 258 3033 figuras,
275 2952 448 3017 daemones
466 2961 683 3035 provocaret,
700 2960 736 3018 et
752 2972 811 3017 eos
829 2952 872 3016 ad
890 2952 1061 3032 agendum

114 3070 201 3133 opus
217 3051 629 3134 quodlibet'stimularet;
657 3052 750 3136 pacti
770 3059 852 3115 suut
865 3071 949 3133 ergo
965 3072 1060 3133 pres·

115 3151 237 3233 bytcro
261 3153 338 3215 auri
363 3160 399 3216 et
422 3151 558 3234 argenti
580 3170 743 3233 magnum
766 3170 939 3227 acervum,
958 3159 1009 3227 ut,
1030 3152 1061 3214 si

112 3258 203 3315 esset
225 3251 400 3333 possibile,
420 3250 585 3314 annulum
609 3258 798 3315 revocaret.
843 3248 894 3313 At
916 3250 1059 3332 presby·

113 3358 177 3426 ter,
195 3351 377 3432 epistolam
393 3358 469 3413 arte
485 3351 685 3415 mechanica
700 3349 926 3431 compositam
937 3348 1059 3431 juveni

112 3449 283 3532 bajulans,
306 3450 408 3528 dixit,
431 3449 555 3513 ‘Vade
577 3448 640 3512 illa
662 3449 773 3512 noctis
796 3447 882 3511 hora
898 3446 941 3511 ad
965 3468 1058 3512 com-

111 3550 234 3630 pitum,
250 3550 309 3614 ubi
324 3569 362 3613 se
372 3549 431 3614 via
445 3548 571 3613 scindit
588 3548 623 3611 in
637 3548 831 3631 quadrium,
846 3555 882 3611 et
896 3555 995 3610 stans
1011 3547 1058 3610 ibi

111 3649 216 3712 tacite
238 3650 287 3712 rei
310 3656 472 3712 eventum
493 3648 677 3729 diligenter
700 3647 865 3729 explora3
889 3646 1059 3710 transient

111 3748 200 3809 enim
216 3747 263 3810 ibi
278 3747 399 3829 figurae
417 3747 591 3811 hominum
613 3747 792 3830 utriusque
814 3764 932 3821 sexus,
947 3747 1059 3809 omnis

110 3847 237 3923 aetatis,
252 3847 381 3927 gradus
402 3846 513 3909 omnis
529 3855 564 3910 et
580 3845 799 3922 conditionis
821 3863 967 3926 quorum
983 3844 1060 3925 qui-

109 3945 188 4008 dam
204 3946 350 4029 pedites,
368 3944 509 4026 quidam
524 3953 626 4009 erunt
640 3947 786 4029 equites,
804 3943 922 4006 vultus
940 3942 976 4004 in
993 3949 1059 4004 ter-

109 4065 181 4108 ram
197 4045 430 4120 demittentes,
444 4044 585 4127 quidam
601 4052 708 4128 caput
725 4041 857 4108 tumido
876 4041 1059 4122 supercilio

877 4164 923 4208 Η
942 4163 958 4208 2
