2888 4852
418 432 562 481 monus·
579 431 848 480 maronianum.
1045 413 1110 479 239

162 588 235 651 ensi
260 588 532 672 archiepiscopo,
555 590 781 665 invasionem,
805 607 908 670 quam
939 585 1019 652 oua
1046 606 1107 651 rex

162 686 371 752 Marciorum
403 709 507 772 super
535 689 714 753 ecclesiam
739 687 1025 752 cantuariensem
1059 686 1108 749 se·

161 796 267 865 cerat,
284 788 329 851 ad
353 788 496 851 nibilum
512 788 657 868 redegit.
710 787 839 852 Eodem
860 806 951 850 anno
972 785 1108 849 Frithe·

161 885 271 964 berto,
299 888 574 971 Hagustaldensi
606 887 767 965 antistiti,
793 885 1008 951 Alcmundus
1030 903 1108 948 suc·

161 985 274 1049 cessit.

383 1157 432 1220 Da
448 1157 596 1241 episcopis
610 1155 892 1243 coaetaneae.

210 1274 315 1341 Anno
343 1279 484 1342 Domini
509 1297 711 1344 nccnxvnn
735 1280 972 1356 Werobertus,
996 1278 1108 1360 Lege·
1122 1304 1230 1343 anam.

161 1378 345 1440 cestrensis
372 1380 554 1462 episcopus
584 1388 741 1462 quartus,
770 1378 859 1443 diem
890 1378 1017 1442 clausit
1048 1399 1108 1442 ex·
1121 1355 1243 1445 libii?

160 1480 319 1554 tremum,
345 1478 400 1541 cui
421 1479 582 1543 Unwona
603 1479 781 1543 successit.
834 1479 899 1541 Est
925 1479 1015 1541 enim
1040 1477 1107 1543 Le-

160 1577 330 1654 gecestria
353 1577 476 1642 civitas
499 1579 644 1661 antiqua
665 1598 687 1642 a
712 1597 793 1659 rege
820 1578 1003 1641 Britonnm
1027 1577 1107 1640 Leir

161 1684 372 1758 nuncupata.
425 1676 545 1761 Hujus
567 1686 683 1742 autem
706 1677 888 1760 episcopus
909 1676 1040 1757 primus
1062 1696 1108 1739 ex

161 1771 288 1856 Anglis
313 1775 381 1839 luit
406 1777 542 1840 nomine
559 1777 679 1853 Totta,
706 1775 877 1840 secundus
901 1775 1109 1852 Eadbertus,

162 1875 285 1937 tertius
310 1874 546 1951 Werebertus,
577 1883 721 1957 quartus
746 1875 918 1951 Unwona,
947 1875 1107 1956 quicum

163 1971 254 2048 Offa,
277 1993 360 2055 rege
393 1974 614 2051 Merciorum‚
644 1982 680 2039 et
709 1974 906 2050 Hunbcrto,
937 1973 1107 2037 Lichelel·

161 2070 259 2135 densi
284 2073 554 2155 archiepiscopo,
571 2094 672 2156 quem
688 2073 829 2156 quidam
852 2072 1020 2150 Berthun,
1035 2072 1106 2155 syl-

160 2169 241 2234 laba
258 2173 481 2253 transposita,
496 2173 686 2255 appellant,
703 2172 894 2236 inventioni
915 2172 1008 2234 beati
1031 2191 1108 2254 pro·

161 2272 361 2352 tomartyris
375 2269 504 2334 Albani
526 2292 603 2335 cum
630 2272 765 2336 caeteris
788 2271 958 2353 episcopis
980 2271 1108 2351 legitur

161 2368 312 2433 adfuisse
326 2390 335 2447 ;
362 2369 422 2433 sed
438 2370 512 2433 haec
526 2370 627 2434 inira.

209 2465 315 2531 Anno
327 2468 467 2533 Domini
478 2486 655 2534 uccnxrx.
669 2461 871 2533 ¹Cataracta
887 2468 1012 2532 civitas
1027 2469 1107 2549 igne
1119 2489 1174 2528 nn.
1184 2490 1227 2529 aa.

160 2574 314 2630 cremata
341 2575 395 2631 est
417 2587 439 2631 a
461 2568 658 2633 Beornredo
681 2576 843 2650 tyranno,
870 2587 951 2648 rege
980 2539 1211 2630 Merca-lilii?

161 2685 259 2729 orum
284 2665 465 2748 deposito;
505 2667 565 2730 sed
596 2669 670 2749 ipse
702 2666 823 2730 infelix
857 2666 974 2731 eodem
1004 2685 1108 2742 anno,

155 2765 255 2847 justo
270 2764 337 2828 Dei
348 2766 492 2848 judicio,
507 2766 665 2830 incendio
680 2766 795 2848 periit.

229 2935 369 3014 Carolus,
384 2959 438 3000 raa
451 2937 660 3014 Francorum,
676 2938 810 3000 Sanorwa
825 2933 899 3000 bello
912 2935 1035 2999 atroob.

210 3058 315 3123 Anno
340 3060 481 3125 Domini
504 3076 667 3123 nconxx.
683 3053 862 3136 ²Carolus,
877 3079 940 3123 rex
955 3060 1227 3125 Franco-anuo.

159 3178 248 3235 rum,
275 3160 420 3223 collecta
451 3179 556 3222 manu
586 3159 714 3236 valida,
752 3158 929 3222 Saxonum
968 3164 1105 3239 gentem
1117 3135 1227 3224 &32⁸⁰

160 3258 252 3324 bello
282 3258 469 3339 adgressus
499 3266 565 3333 est,
596 3259 782 3341 multisque
816 3277 861 3322 ex
895 3257 1107 3341 principibus
1117 3236 1201 3284 Μ’
1203 3264 1207 3273 “

159 3358 231 3422 suis
257 3359 383 3423 ibidem
409 3357 613 3434 intersectis,
636 3377 714 3421 cum
742 3356 888 3422 victoria
915 3364 1030 3422 tamen
1053 3374 1107 3419 re-

158 3476 280 3522 versus
294 3464 358 3521 est.
410 3456 540 3520 Eodem
563 3475 654 3521 anno
678 3457 789 3522 stellae
808 3457 852 3521 de
872 3456 957 3522 caelo
983 3455 1108 3521 cadere

159 3556 356 3620 terribiliter
369 3555 454 3619 visae
469 3563 559 3619 sunt.

209 3653 314 3719 Anno
336 3655 476 3718 Domini
497 3654 864 3732 nocnxx1.0ffa,rex
887 3653 1228 3734 Merciornm,l.n.m.

158 3751 354 3834 Anglorum
385 3760 524 3835 gentem
558 3753 662 3816 armis
693 3755 841 3835 subegit.
888 3752 967 3831 Quo
1001 3755 1105 3818 etiam

192 3990 199 4020 ¹
215 3990 366 4051 Cataracta]
391 3993 464 4040 From
483 3991 545 4041 Sim.
565 3993 621 4041 Dn-
648 3992 764 4054 Pepinle
776 3991 846 4054 Brei,
857 3992 996 4042 brotheroi
1004 3995 1110 4043 Charie-

156 4063 277 4113 nelm.ad
288 4077 329 4111 an.
647 4076 753 4123 magne:
777 4060 808 4110 be
827 4061 888 4110 died
907 4068 934 4112 at
951 4063 993 4111 the
1016 4062 1111 4125 ageos

192 4131 203 4159 ¹
226 4133 337 4191 cantu,
364 4145 409 4178 rex
439 4126 619 4198 Francorum]
646 4136 740 4192 twenty
753 4146 834 4192 years.

156 4202 219 4251 'l'his
237 4215 292 4250 was
311 4200 454 4263 Carloman,
474 4200 516 4249 the
535 4214 579 4249 son
596 4200 625 4250 ol
