2888 4852
437 422 575 473 suosne
599 423 870 474 ursromuuuu.
1062 411 1126 475 127

175 583 211 645 in
237 589 350 646 strato
365 582 568 665 quiesceret,
582 583 669 646 vidit
684 581 855 646 hominem
881 584 946 647 sibi
969 584 1125 666 ignotum

173 683 312 765 penitus
329 681 526 747 adstantem
544 688 580 746 et
598 683 769 747 dicentem
788 684 865 761 sibi,
884 683 999 762 ‘Quid
1026 686 1127 749 dares

175 781 305 847 homini
319 784 379 866 qui
402 790 436 847 te
454 784 498 846 ab
519 783 585 846 hac
605 783 841 847 moestitudine
862 784 1068 863 absolveret,
1091 794 1127 849 et

175 882 391 947 Reodwaldo
412 884 486 965 regi
510 891 550 946 ut
570 891 605 947 te
629 883 788 965 diligeret
807 884 1004 949 suaderetl’
1057 885 1127 964 Qui

175 1002 254 1046 oum
264 981 648 1066 responderet,‘0mnia
658 1003 735 1066 quae
748 986 908 1067 possem,'
918 985 1045 1069 adjecit
1056 986 1126 1062 ille,

175 1082 290 1161 ‘Quid
305 1084 428 1166 siquis
445 1091 480 1147 te
497 1103 614 1165 regern
628 1083 782 1148 futurum
797 1086 1025 1167 potentiorem
1036 1087 1127 1167 prio-

175 1183 284 1260 ribus,
309 1185 475 1247 extinctis
501 1181 672 1261 hostibus,
688 1203 769 1247 vere
799 1186 1015 1265 promitteret
1026 1181 1052 1249 l'
1075 1206 1126 1248 re-

174 1283 367 1366 spondente
398 1283 565 1348 Eadwino
605 1291 644 1347 ut
679 1285 787 1367 prius,
824 1285 957 1348 addidit
986 1286 1125 1361 iterum,

175 1382 290 1461 ‘Quid
305 1383 335 1446 si
350 1384 427 1465 quis
447 1384 509 1447 tibi
532 1383 707 1447 meliorem
723 1384 805 1447 vitae
821 1384 913 1448 viam
930 1385 1126 1449 ostenderet

176 1502 279 1564 quam
311 1482 437 1566 aliquis
461 1492 644 1564 parentum
672 1492 811 1548 tuorum
832 1484 1003 1562 habuerit,
1026 1506 1124 1548 num-

175 1583 257 1664 quid
288 1583 340 1647 illi
370 1585 625 1665 obtemperares
636 1584 663 1647 l’
713 1583 943 1649 Promittente
969 1585 1033 1648 hoc
1057 1586 1122 1649 sibi

175 1682 369 1748 firmissime
391 1683 570 1760 Eadwino,
593 1684 744 1748 subdidit
761 1684 831 1761 ille,
849 1685 1028 1767 imponens
1051 1705 1124 1748 ma-

177 1802 241 1847 nus
263 1784 371 1866 capiti
386 1784 475 1868 ejus,
490 1781 601 1848 ‘Cum
618 1804 701 1866 ergo
719 1783 783 1848 hoc
801 1785 864 1849 tibi
888 1785 1026 1867 siguum
1047 1806 1125 1849 eve-

176 1884 278 1961 nerit,
291 1890 464 1948 memento
480 1882 582 1947 istius
598 1885 762 1968 temporis
777 1891 811 1948 et
827 1887 995 1950 sermonis
1006 1886 1027 1964 3'
1054 1906 1123 1969 quo

175 1983 267 2048 dicto
288 1992 432 2067 repente
444 1977 636 2065 disparuit,
651 1992 690 2048 ut
707 1983 916 2066 intelligeret
931 2006 1000 2049 uon
1014 1984 1123 2049 homi·

176 2104 252 2148 nem
270 2104 347 2148 esse
364 2083 424 2148 sed
442 2084 613 2167 spiritum.
664 2082 715 2148 At
730 2085 787 2148 ubi
802 2104 902 2148 mane
915 2085 1055 2168 juvenis
1070 2106 1124 2165 re·

176 2184 254 2266 gius
268 2185 364 2248 solus
379 2184 525 2260 sederet,
542 2183 708 2266 praefatus
723 2185 854 2248 amicus
870 2185 965 2249 venit
978 2185 1021 2248 ad
1034 2206 1124 2263 eum,

176 2290 212 2348 et
242 2285 304 2361 ait,
328 2284 461 2366 ‘Surge
488 2282 620 2362 hilaris,
647 2290 817 2346 mutatum
849 2293 903 2348 est
930 2304 990 2348 cor
1012 2286 1123 2367 regis3

177 2402 257 2447 nam
284 2384 428 2448 oonsilio
460 2384 589 2464 reginae
614 2382 715 2447 fidem
746 2384 808 2447 tibi
843 2403 982 2448 servare
1007 2386 1123 2467 dispo-

178 2482 271 2548 suit?
323 2483 417 2562 Quid
431 2484 557 2567 plural
610 2483 858 2561 Reodwaldus,
873 2492 913 2548 ut
930 2504 1036 2567 supra
1051 2485 1122 2548 dic-

178 2592 250 2648 tum
277 2590 343 2661 est,
369 2584 442 2665 regi
461 2583 657 2647 Athelsrido
679 2583 808 2646 bellurn
833 2585 954 2662 movit,
972 2593 1007 2649 et
1031 2585 1123 2649 Ead-

179 2687 305 2749 winum
330 2684 365 2747 in
388 2703 534 2766 regnum
549 2685 722 2764 restituit3
746 2703 892 2767 eumque
910 2684 1078 2748 Paulinus
1103 2705 1124 2748 a

179 2785 311 2867 Spiritu
328 2785 457 2850 Sancto
483 2784 637 2861 edoctus,
652 2783 718 2848 hoc
731 2784 908 2848 oraculum
932 2786 1007 2867 regi
1030 2793 1123 2849 retu·

178 2883 288 2961 lisset,
318 2904 441 2949 manus
469 2885 574 2966 capiti
605 2885 681 2968 ejus
711 2885 904 2966 imponens,
937 2905 1053 2967 regern
1081 2885 1124 2948 ad

179 2984 282 3066 pedes
312 2985 388 3068 ejus
422 2985 598 3067 procidere
628 2985 800 3048 volentem
840 2986 962 3062 erexit,
994 2993 1029 3049 et
1064 3005 1125 3048 ex·

179 3084 322 3149 hortans
349 3104 427 3148 eum
451 3085 494 3147 ad
528 3083 629 3148 fidem
661 3084 751 3166 quod
784 3085 883 3167 petiit
913 3085 1124 3167 impetravit.

180 3184 260 3249 Rex
274 3185 382 3266 igitur
398 3185 453 3249 die
467 3193 589 3248 sancto
604 3184 750 3248 Paschae
765 3192 800 3248 et
817 3184 917 3248 multi
932 3206 1009 3249 cum
1032 3204 1073 3248 eo
1090 3186 1125 3248 in
1138 3202 1171 3242 ui·
1181 3202 1278 3253 barum-

178 3286 324 3350 ecelesia
351 3285 464 3349 saneti
492 3284 601 3362 Petri,
625 3304 729 3366 quarn
754 3277 897 3366 ipse'de
922 3286 1018 3367 ligno
1044 3305 1125 3349 con-

178 3393 366 3463 struxerat,
392 3406 413 3449 a
433 3385 583 3448 Paulino
610 3385 818 3466 baptizatuS,
835 3385 928 3448 idola
954 3393 1126 3449 eteorum

179 3505 256 3550 aras
273 3487 410 3568 penitus
426 3485 610 3549 destruxit.
663 3484 797 3548 Deinde
820 3484 855 3546 in
878 3485 1019 3548 civitate
1034 3485 1125 3549 Ebo-

180 3587 250 3651 raci
277 3587 393 3649 sedem
409 3586 637 3668 episcopalem
654 3584 803 3648 Paulino
824 3586 1050 3662 constituens,
1070 3605 1127 3648 ec-

180 3686 318 3751 clesiam
344 3687 392 3750 ibi
409 3686 579 3767 lapideam
596 3684 791 3762 fabricavit,
805 3686 841 3747 in
864 3705 934 3766 qua
959 3686 1127 3767 baptizati

179 3795 261 3851 sunt
276 3787 375 3850 liberi
403 3786 478 3871 ejus
501 3805 579 3848 cum
603 3786 754 3849 maxima
774 3784 994 3848 multitudine
1017 3785 1126 3849 horni-

180 3908 273 3965 num,
294 3888 345 3950 ita
360 3886 451 3969 quod
469 3886 506 3949 in
526 3886 624 3950 brevi
645 3886 681 3950 iu
702 3874 777 3951 toto
792 3906 899 3968 reguo
921 3885 997 3969 ejus
1013 3885 1127 3949 nullus
1229 3961 1234 3972 Ι

180 3996 232 4052 est
248 3989 412 4052 inventus
426 3986 586 4051 infidelis.
