2888 4852
339 388 407 456 288
594 408 731 456 aornar
755 409 802 456 nn
824 407 1031 459 wnrnovsn

343 568 473 633 bantur
489 575 606 633 tamen
628 569 797 634 clamores
819 590 881 652 per
902 579 1054 654 quatuor
1074 570 1146 635 fere
1167 571 1292 636 millia-

342 666 395 731 ria
412 668 602 746 horribiles,
619 668 787 732 auxilium
804 670 1033 752 postulantes,
1079 671 1157 735 Ista
1173 671 1291 754 itaque

341 784 421 849 quae
435 768 539 831 retuli
554 768 768 832 incredibilia
785 789 854 833 non
871 779 983 848 erunt,
998 770 1029 833 si
1044 770 1183 852 legatur
1197 771 1291 834 beati

341 885 442 950 papae
459 866 620 949 Gregorii
641 868 813 949 dialogus,
831 868 867 932 in
889 889 957 953 quo
979 870 1096 946 refert,
1118 869 1290 934 hominem

340 965 376 1028 in
392 966 540 1030 ecclesia
556 966 730 1050 sepultum
745 987 767 1030 a
778 968 991 1033 daemonibus
1008 967 1101 1032 foras
1117 969 1288 1053 ejectum:

341 1073 376 1129 et
401 1066 493 1147 apud
516 1066 670 1130 Francos
694 1065 841 1131 Carolus
864 1067 1049 1132 Martellus
1069 1069 1215 1150 insignis
1236 1070 1290 1133 vir

339 1164 563 1242 fortitudinis,
601 1166 662 1247 qui
699 1166 901 1245 Saracenos,
932 1166 1067 1231 Gallias
1101 1168 1290 1249 ingressos,

341 1262 550 1346 Hispaniam
585 1264 696 1329 redire
725 1265 902 1349 compulit3
935 1267 1068 1331 exactis
1098 1268 1181 1331 vitae
1214 1287 1288 1331 suae

339 1361 472 1440 diebus,
500 1364 537 1427 in
567 1363 713 1428 ecclesia
734 1366 827 1429 beati
849 1365 1011 1449 Dionysii
1032 1366 1161 1447 legitur
1182 1366 1289 1430 fuisse

339 1463 516 1545 sepultum
546 1462 606 1526 sed
630 1464 713 1546 quia
733 1466 943 1547 patrimonia
959 1486 1037 1529 cum
1054 1465 1194 1529 decimis
1215 1486 1289 1531 om-

339 1561 434 1626 nium
449 1561 520 1626 fere
537 1562 758 1627 ecclesiarum
774 1563 902 1628 Galliae
922 1585 986 1648 pro
1009 1564 1181 1647 stipendio
1197 1585 1289 1629 com·

338 1661 532 1725 militonum
560 1682 701 1726 suorum
734 1663 969 1741 mutilaverat,
994 1664 1235 1729 miserabiliter
1264 1684 1288 1728 a

338 1760 498 1841 malignis
509 1761 687 1843 spiritibus
699 1762 742 1825 de
755 1762 937 1844 sepulchro
951 1763 1176 1846 corporaliter
1190 1764 1288 1828 avul-

338 1877 409 1937 sus,
442 1880 552 1943 usque
581 1861 616 1923 in
647 1860 850 1925 hodiernum
874 1862 964 1927 diem
995 1882 1166 1946 nusquam
1192 1884 1286 1928 com·

337 1959 465 2041 paruit.

543 2128 707 2193 Walamir
720 2126 759 2192 ol
775 2127 890 2212 Anplis
904 2129 1082 2194 vincuntur.

279 2325 285 2337 .
388 2267 493 2332 Anno
523 2268 664 2332 Domini
697 2283 865 2331 [roccum.
897 2286 959 2329 rex
993 2266 1285 2332 west-saxonum

176 2324 221 2436 al?
225 2325 288 2436 ’12⁶⁰
337 2366 547 2432 Athelwlsus
565 2375 601 2432 et
625 2388 687 2431 rex
712 2367 919 2430 Marciorum
942 2359 1157 2430 ¹Bernrodus
1179 2367 1286 2431 medi·

336 2474 512 2531 terraneos
538 2467 699 2531 Britones
722 2466 814 2530 bello
830 2467 989 2530 vicerunt
1010 2474 1046 2530 et
1067 2485 1140 2530 suoe
1163 2465 1285 2530 ditioni

335 2566 579 2630 submiserunt.

363 2802 405 2868 Ut
420 2825 473 2869 rao
487 2802 676 2889 Atlolwlfos
689 2801 838 2866 decimam
853 2801 942 2887 requi
955 2802 1006 2866 sai
1015 2811 1141 2887 partem
1156 2804 1221 2868 Deo
1235 2812 1264 2868 ol

641 2902 756 2965 soractis
769 2902 834 2985 ejus
847 2901 974 2965 dederit.

385 3041 489 3107 Anno
523 3043 664 3132 Domini
700 3057 861 3105 ncccmv.
892 3041 1053 3106 defuncto
1084 3041 1283 3122 Wimundo,

336 3135 1187 3224 Eboracensiarchiepiscopo,²Wlserussuccessit.
1213 3142 1283 3206 Eo-

334 3241 412 3306 dem
439 3262 531 3307 anno
559 3241 766 3317 Eanbertus‚
799 3240 1093 3304 Lindisfarnensis
1124 3243 1281 3321 antisteS,

334 3340 424 3404 diem
453 3341 579 3405 clausit
600 3349 792 3404 extremum
821 3348 857 3402 et
874 3333 1078 3403 ³Eardulfns
1103 3343 1281 3407 successit.

334 3439 464 3503 Eodem
481 3459 572 3503 anno
587 3459 649 3503 rex
667 3438 870 3520 magnificus
887 3438 1096 3503 Athelwlsus
1113 3440 1281 3505 decimam

332 3539 429 3620 regni
446 3539 499 3602 sui
516 3546 648 3620 partem
663 3538 740 3601 Deo
757 3546 791 3601 et
804 3539 917 3602 beatae
932 3538 1056 3602 Mariae
1074 3547 1109 3602 et
1123 3540 1281 3604 omnibus

331 3639 462 3703 sanctis
477 3638 635 3715 contulit,
655 3638 798 3700 liberam
818 3638 862 3701 ab
885 3637 1042 3703 omnibus
1061 3639 1281 3738 servitiisse-

366 3924 555 3989 ¹Bernredus‚]
567 3926 669 3975 rather‘
683 3928 794 3988 Burgre·
816 3926 875 3975 died
898 3928 924 3976 in
947 3931 1004 3977 892.
1041 3927 1091 3977 llis
1109 3929 1186 3979 death
1203 3931 1227 3980 is
1243 3947 1284 3983 re·

330 3992 404 4056 dus3’
422 3997 456 4046 all
479 4011 554 4058 agree
576 3997 603 4044 in
621 3998 724 4058 placing
741 3996 792 4046 thia
816 3997 909 4046 corded
921 3997 1004 4047 below
1015 3998 1041 4045 in
1052 4002 1110 4048 895.

328 4066 474 4128 expedition
486 4065 570 4114 iniria
581 4081 650 4127 year.
850 4063 1029 4129 'EordulsusJ
1048 4068 1099 4117 llis
1111 4069 1222 4119 deathis
1240 4085 1280 4120 re-

363 4130 522 4203 ’Μανῆ
540 4137 641 4185 Simeon
658 4149 718 4197 says
735 4135 790 4186 thal
814 4136 907 4185 corded
925 4138 959 4198 by
971 4138 1092 4187 Florenee
1109 4141 1135 4189 in
1151 4143 1210 4204 900,
1227 4141 1277 4191 end

329 4205 361 4256 he
372 4206 488 4256 received
504 4205 547 4256 the
563 4206 616 4268 pell
632 4207 658 4254 in
669 4209 727 4269 854,
738 4204 788 4254 aud
814 4205 847 4269 by
858 4206 959 4256 Simeon
970 4207 996 4255 in
1008 4210 1064 4258 899.
