2888 4852
288 392 353 456 252
546 409 680 457 nocent
705 409 751 455 un
775 409 980 456 wuuuovuu

289 565 418 643 boram,
445 566 555 630 noctis
585 566 735 649 quietem
758 567 799 628 in'
827 572 938 630 strato
963 565 1059 646 regio
1087 572 1239 646 caperat,

289 666 414 746 angelo
438 666 631 743 nuntiante,
648 665 766 730 divino
792 663 988 728 admonitus
1012 671 1067 728 est
1084 664 1238 740 oraculo,

289 769 329 826 ut
351 774 508 829 sanctum
536 766 602 830 Dei
626 763 812 842 Albanum,
841 762 1036 845 Anglorum
1061 764 1136 829 siva
1160 763 1239 827 Bri-

289 869 410 927 tonum
434 873 736 948 protomartyrem,
758 863 801 926 de
824 871 916 928 terra
938 863 1071 927 levaret
1094 871 1130 927 et
1156 863 1237 928 reli-

288 962 389 1044 quias
403 964 479 1047 ojus
494 966 528 1028 iu
544 965 671 1028 scrinio
687 964 824 1046 dignius
835 963 1032 1027 collocaret.
1061 962 1141 1027 Rex
1154 984 1237 1028 vero

287 1061 414 1127 divinis
430 1064 523 1127 illico
544 1064 686 1129 studens
708 1064 944 1144 obtemperare
967 1064 1163 1145 praeceptis,
1179 1081 1235 1127 ac·

288 1162 357 1226 cito
382 1163 589 1242 Humberto,
609 1163 817 1228 Marciorum
839 1160 1111 1245 archiepiscopo,
1134 1162 1235 1245 cujus

287 1261 385 1326 sedes
408 1263 499 1346 apud
523 1262 698 1327 Lichoteld
727 1281 836 1344 nuper
858 1261 1043 1325 abeodem
1070 1280 1152 1344 rega
1180 1261 1235 1324 su·

286 1369 361 1425 erat
386 1363 588 1440 constituta,
620 1362 773 1426 divinam
799 1361 832 1424 ei
859 1361 1073 1425 voluntatem
1103 1359 1234 1425 indicat

286 1459 329 1524 de
344 1463 542 1543 praemissis.
594 1462 694 1526 Tunc
718 1461 996 1543 archiepiscopus
1011 1466 1233 1538 memoratus,

286 1560 478 1643 adsumptis
505 1562 669 1627 continuo
690 1580 806 1624 secum
827 1558 995 1624 Caolwlfo
1017 1559 1232 1624 Lindesieusi

285 1667 320 1723 et
344 1659 503 1725 Unwona
525 1660 786 1742 Legecestreusi
810 1659 993 1742 episcopis,
1016 1659 1088 1722 suis
1111 1659 1233 1724 suffra-

284 1760 415 1839 ganeis,
429 1781 508 1825 cum
522 1762 702 1825 innumera
715 1759 895 1840 utriusque
908 1777 1014 1822 sexus
1034 1766 1069 1822 ot
1086 1760 1232 1823 diversae

283 1861 398 1924 aetatis
411 1861 643 1938 multitudiue,
661 1860 735 1942 regi
751 1859 806 1922 die
822 1859 887 1921 sibi
902 1865 1036 1922 statuta
1051 1858 1143 1940 apud
1160 1858 1233 1923 Ve-

282 1959 462 2023 rulamium
477 1967 710 2024 occurrerunt.
764 1958 844 2023 Rex
860 1977 954 2035 vero,
970 1957 1051 2021 dum
1068 1958 1150 2023 illuc
1165 1959 1233 2021 iter

283 2060 474 2141 expediret,
497 2059 585 2124 lucis
607 2059 754 2135 radium,
775 2059 812 2121 in
839 2057 978 2120 modum
1004 2057 1154 2138 ingentis
1180 2057 1232 2121 sa-

282 2158 384 2236 culae,
413 2160 547 2223 caelitns
588 2161 751 2223 emissum
781 2177 884 2241 supar
914 2157 1026 2220 locum
1057 2156 1230 2240 sepulchri

281 2259 380 2339 quasi
405 2258 586 2323 fulminare
611 2258 813 2340 conspexit;
848 2257 913 2320 hoc
945 2276 1081 2339 quoque
1112 2257 1230 2321 divino

281 2358 325 2420 ab
341 2359 498 2422 omnibus
520 2359 687 2423 miraculo
709 2357 921 2440 conspicata,
937 2356 999 2420 tali
1012 2356 1144 2440 judicio
1167 2377 1228 2421 ax-

282 2451 444 2521 stiterunt
458 2458 500 2521 de
516 2458 659 2522 visionis
676 2458 823 2522 veritate
838 2457 1002 2520 certiores
1017 2456 1140 2520 effecti.

319 2556 418 2622 Tunc
430 2559 559 2641 populo
570 2559 604 2622 in
612 2557 769 2642 jejuniiS,
782 2557 1007 2639 eleemosynis
1017 2563 1052 2620 et
1061 2556 1228 2620 orationi·

281 2657 345 2720 hus
356 2658 586 2734 sanctificato,
601 2658 775 2722 antistites
786 2656 1058 2720 sacerdotalibus
1070 2656 1229 2720 adornati

280 2755 398 2820 infulis
421 2757 539 2821 adfore
561 2758 626 2820 sihi
648 2758 741 2821 beati
760 2754 921 2838 martyris
943 2755 1110 2818 auxilium
1129 2756 1229 2837 flagi-

281 2857 413 2920 tabant.
467 2858 596 2921 Fuerat
611 2876 759 2939 uamque
780 2856 876 2919 locus
898 2862 933 2917 et
950 2855 1114 2918 memoria
1136 2874 1228 2919 mar·

280 2956 378 3038 tyris,
398 2964 478 3039 post
492 2957 678 3021 adventum
699 2956 810 3019 sancti
826 2953 1002 3031 Germani,
1017 2952 1227 3018 Altissiodo·

279 3057 389 3119 rensis
413 3056 577 3140 episcopi,
600 3056 660 3138 qui
683 3075 761 3118 cum
785 3056 887 3117 heato
902 3054 1014 3138 Lupo,
1028 3052 1226 3119 Trecasinae

279 3156 373 3220 urbis
399 3156 572 3238 episcopo,
591 3155 634 3219 ad
657 3154 915 3236 exstirpandam
938 3153 1095 3216 haeresim
1123 3152 1226 3218 Pela-

277 3255 417 3335 giauam
442 3250 492 3317 ¹in
520 3255 738 3320 Britanniam
762 3259 942 3329 venerant,
965 3253 1066 3316 annis
1090 3252 1228 3317 circitor

250 3437 251 3440 Ἴ
278 3355 441 3417 trecentis
478 3355 709 3436 quadraginta
741 3362 891 3435 quatuor
923 3354 1060 3416 omniuo
1089 3353 1224 3433 deleta3

277 3453 444 3534 siquidem
461 3474 546 3535 gens
562 3473 701 3536 pagana
716 3453 905 3525 Saxonum,
920 3452 943 3515 J
947 3459 1082 3515 utorum
1103 3459 1138 3515 et
1152 3451 1224 3516 An·

276 3551 425 3633 giorum,
441 3554 642 3617 Britonibus
666 3553 835 3634 expulsis,
849 3546 1084 3615 ²Britanuiam
1104 3552 1224 3636 subju-

276 3661 458 3732 gaverant,
474 3660 512 3717 ut
526 3653 683 3736 superius
697 3659 835 3715 constat
848 3651 1017 3735 prolixius
1030 3660 1224 3730 exaratum,

277 3771 359 3815 mox
383 3772 486 3835 agros
513 3752 777 3836 depopulantes
803 3751 978 3834 ignomin
1005 3751 1163 3815 civitates
1190 3762 1225 3817 et

277 3851 406 3934 oppida
431 3853 701 3929 accumulantes,
717 3870 834 3915 sacras
851 3851 1013 3915 ecclesias
1035 3851 1226 3916 solotenus

277 3951 549 4033 complanantes,
572 3952 770 4017 sacerdotes
787 3951 1039 4027 detruncantes,
1065 3960 1225 4015 cunctam

310 4133 316 4162 ¹
344 4137 374 4184 ln
405 4136 560 4186 Britanniam
588 4132 755 4266 aramum!
798 4132 985 4185 ἲΒνὶίιυυιίαηι
1007 4137 1226 4202 ενὺρνςαυσαπι,]

273 4206 351 4254 above
364 4207 388 4254 iu
402 4212 459 4256 446.
764 4207 843 4255 above
855 4208 880 4254 in
892 4211 949 4257 449.
