2888 4852
426 462 565 511 neonus
589 464 859 515 msronmnuu.
1052 450 1118 515 387

212 698 263 762 Dc
276 698 419 762 conicit-ic
433 700 515 763 irater
529 714 627 786 copem
642 708 670 765 ct
684 697 790 764 ducem
804 700 845 763 N
841 720 1058 764 ormcoaorum

587 808 703 864 morta

214 919 320 987 Anno
344 923 486 988 Domini
512 941 761 988 nccccxxvrn.
780 918 870 989 ¹Leo
889 924 979 988 sedit
1001 924 1036 987 in
1058 943 1280 1046 mitiadis,

161 1020 284 1087 thedra
313 1023 476 1088 Romana
503 1026 678 1088 mensibus
707 1044 782 1089 sex.
843 1024 974 1089 Eodem
1007 1043 1249 1101 annonantur

163 1122 326 1188 defuncto
354 1123 537 1201 Tunsrido‚
564 1124 815 1189 Licheseldensi
839 1125 993 1208 praesuli,
1017 1094 1255 1189 ²Ellciiirii‘3bert

161 1224 339 1287 successit.
392 1224 523 1289 Eodem
549 1232 702 1308 tempore
735 1231 835 1288 tanta
857 1218 965 1287 ⁸inter
995 1244 1111 1306 regern
1123 1196 1209 1245 Μ’

159 1322 402 1388 Ethelstanum
424 1332 548 1388 exorta
570 1333 624 1389 est
641 1325 794 1388 amicitia
815 1330 850 1388 et
868 1325 988 1387 ducem
1015 1324 1109 1389 Nor-

74 1489 78 1496 ,
161 1423 308 1487 manniae
326 1424 530 1501 Robertum,
546 1425 639 1507 quod
661 1432 807 1508 uterque
828 1423 864 1487 in
886 1425 988 1488 rebus
1004 1424 1112 1489 domi-

161 1529 303 1586 naretur
324 1524 466 1588 alterius
489 1525 578 1589 etin
601 1525 703 1589 rebus
727 1523 857 1589 bellicis
876 1525 1006 1588 mutuis
1028 1543 1110 1589 con·

161 1622 353 1703 gauderent
367 1624 522 1689 auxiliis.

392 1799 479 1862 Noto
495 1796 682 1861 miraculum
696 1796 733 1861 dc
747 1797 878 1861 medone.

210 1921 315 1987 Anno
343 1923 484 1987 Domini
516 1938 745 1987 occccxxrx.
775 1942 837 1986 rex
872 1921 1232 2001 Ethelstanuemnon.

160 2021 324 2105 reliquias
355 2031 554 2088 sanctorum
579 2023 678 2105 regni
710 2023 764 2086 sui
796 2023 964 2087 orationis
994 2024 1109 2105 gratia
1120 1991 1251 2141 :mziffiii

159 2128 277 2204 petere
292 2122 492 2202 decernens,
507 2122 701 2187 Glastoniae
724 2123 919 2187 coenobium
942 2122 1109 2205 imprimis
1213 2120 1218 2130 '

159 2221 306 2286 devotus
321 2223 455 2306 petivit.
507 2222 594 2287 Erat
610 2230 726 2286 autem
743 2222 791 2286 ibi
807 2222 966 2306 quaedam
984 2224 1109 2288 nobilis

160 2329 331 2400 matrona,
354 2324 489 2387 nomine
516 2322 662 2399 Elfleda,
684 2322 798 2404 neptis
827 2322 980 2406 ejusdem
1003 2324 1108 2407 regis,

160 2441 239 2504 quae
260 2424 385 2487 marito
403 2422 565 2488 defuncto
583 2422 755 2487 vidualem
773 2422 898 2487 ducere
914 2423 1022 2487 vitam
1045 2443 1107 2487 ex-

158 2530 295 2604 optans,
321 2523 364 2587 ad
389 2523 637 2587 occidentalem
658 2521 808 2587 coenobii
829 2522 970 2605 plagam
993 2523 1107 2603 clege-

158 2629 214 2687 rat
225 2623 438 2687 mansionem
451 2643 460 2702 3
478 2623 553 2687 haec
566 2622 709 2687 foemina
723 2622 885 2704 religiosa
900 2623 974 2704 regi
987 2622 1106 2686 Ethel-

158 2727 259 2786 stano
288 2723 471 2804 prandium
501 2722 655 2787 studiose
680 2722 831 2806 paravit,
861 2742 962 2805 quem
992 2723 1106 2804 gratia

158 2822 327 2886 orationis
348 2821 567 2887 Glastoniam
591 2829 774 2887 venturum
796 2822 994 2904 praescivit3
1017 2841 1106 2904 prae-

158 2939 316 2986 cursores
348 2941 430 2986 vero
466 2923 572 3005 regiae
604 2921 925 2999 administrationis
958 2922 1106 2985 scientes

158 3020 249 3102 quod
273 3042 336 3085 rex
359 3022 454 3105 nepti
473 3042 547 3087 suae
568 3023 621 3106 [se
644 3021 837 3087 divertendi
861 3039 967 3085 causa
988 3021 1106 3103 hospi·

157 3121 255 3184 tandi
274 3121 448 3186 licentiam
469 3124 705 3199 concessisset,
723 3120 796 3202 dic]
821 3120 1029 3203 praecedenti
1047 3140 1106 3185 ve·

157 3228 283 3283 nerunt
307 3221 552 3286 adridendum
575 3223 605 3286 si
627 3222 744 3286 onmia
759 3221 954 3286 necessaria
970 3238 1105 3304 praepa-

157 3327 234 3384 rata
257 3321 429 3401 fuissent3
461 3329 508 3399 et,
531 3323 688 3387 omnibus
717 3320 901 3404 diligenter
927 3321 1106 3403 inspectis,

156 3419 319 3486 dixerunt
351 3421 396 3485 ad
421 3421 530 3499 illam,
561 3422 765 3486 ‘Universae
796 3420 1103 3484 administrationis

157 3520 395 3586 sufficientiam
428 3522 545 3599 habes,
577 3522 606 3585 si
633 3521 696 3585 tibi
724 3521 880 3585 medonis
910 3520 1011 3603 copia
1037 3539 1106 3582 non

156 3619 303 3698 deesset,
329 3641 430 3705 quem
458 3640 648 3704 rexsuper
673 3640 792 3686 omnes
813 3620 965 3703 liquores
985 3627 1106 3702 potare

191 3833 200 3866 ¹
212 3830 285 3903 Lea]
297 3835 339 3885 the
350 3835 428 3899 anth,
438 3835 499 3885 died
510 3838 580 3898 early
591 3838 618 3887 in
642 3838 749 3887 alliance
768 3839 882 3886 between
899 3836 942 3885 the
960 3840 1012 3884 two
1033 3850 1107 3884 sove-

156 3907 286 3968 February
297 3909 355 3955 929.
643 3908 728 3969 reigns
746 3922 835 3956 occurs
854 3908 881 3955 in
900 3905 943 3954 the
966 3905 1062 3965 history
1080 3903 1109 3953 os

191 3975 289 4040 ἘΜ
309 3976 391 4025 called
410 3974 619 4037 alsoAlfwinus;
643 3978 755 4026 william
778 3977 807 4025 oi
825 3974 968 4037 Junitges,
996 3974 1022 4023 ii.
1045 3973 1059 4035 ξ
1080 3978 1107 4033 d,

155 4050 187 4099 he
199 4048 269 4108 died,
277 4047 444 4108 accordingto
452 4045 619 4109 Chesterield,
644 4047 695 4096 and
705 4048 728 4095 is
743 4046 863 4097 recorded
880 4060 909 4094 as
920 4044 1014 4105 haring
1029 4042 1106 4091 taken

156 4121 181 4168 in
194 4122 251 4166 ott.
644 4117 716 4178 place
723 4117 807 4166 before
813 4120 871 4175 876,
878 4113 1024 4175 iorty-eight
1034 4127 1108 4173 years

189 4186 375 4248 ³lnterrrgem
387 4185 558 4234 littelrtcaum
576 4200 620 4235 ea·-
644 4186 729 4236 before
748 4185 896 4235 Aethelstan
915 4183 1042 4233 ascended
1064 4182 1106 4231 the

154 4265 208 4307 orto
230 4262 268 4306 est
288 4255 428 4318 evetita]
452 4254 514 4304 This
536 4255 620 4306 failed
644 4256 740 4306 throne.

923 4344 938 4389 2
955 4352 969 4388 c
987 4342 1003 4388 t
