2888 4852
424 415 562 462 rueras
587 414 855 463 nrsronrnnun.
1047 398 1113 462 249

437 647 655 712 Constantinus
672 648 846 734 inperauit.

214 766 318 832 Anno
344 767 485 833 Domini
508 764 960 835 nccxc11.¹Constantinus
982 771 1112 835 Rome·

165 887 244 930 num
267 868 414 950 adeptus
436 869 615 953 imperium
644 878 776 953 septem
800 871 901 934 annis
917 871 1112 953 imperavit.

165 968 293 1030 Eodem
319 987 409 1032 anno
429 967 588 1047 Carolus,
611 991 672 1033 rex
698 971 922 1047 Francorum,
946 971 1040 1034 misit
1055 964 1114 1034 Ἰἰ-

163 1067 262 1131 brum
288 1068 489 1150 synodalem
521 1069 565 1132 ad
597 1069 827 1146 Britanniam,
857 1071 892 1132 in
921 1090 991 1152 quo
1022 1090 1114 1134 verae

165 1166 243 1230 fidei
261 1168 371 1231 multa
389 1176 526 1250 reperta
548 1176 629 1232 sunt
650 1170 839 1246 obviantia,
857 1179 892 1232 et
907 1189 948 1232 eo
964 1170 1114 1234 maxime

165 1265 257 1348 qnod
281 1286 380 1347 paeue
404 1269 556 1331 omnium
580 1268 798 1332 orientalium
824 1269 1002 1332 doctorum
1029 1287 1116 1332 nna·

165 1365 248 1429 nimi
275 1367 466 1430 assertione
489 1374 542 1430 est
564 1365 758 1444 diffinitum,
775 1369 943 1449 imagines
970 1368 1115 1433 adorare

166 1465 301 1543 debere,
317 1465 410 1548 quod
437 1466 576 1530 omnino
601 1466 747 1531 ecclesia
765 1466 937 1531 catholiea
953 1463 1115 1530 exsecra·

167 1574 246 1644 tur;
270 1574 391 1629 contra
415 1565 506 1646 quod
522 1564 671 1628 Albinus
695 1567 834 1647 scripsit
856 1567 1050 1649 epistolam,
1070 1586 1113 1630 ex

167 1666 376 1728 auctoritate
406 1664 599 1728 divinarum
637 1666 884 1747 scripturarum
914 1666 1117 1730 mirabiliter

166 1764 344 1841 dictatam,
358 1764 524 1847 illamque
546 1785 624 1827 cum
648 1765 764 1828 eodem
792 1764 951 1847 synodali
969 1765 1057 1829 libro
1080 1764 1117 1828 in

167 1882 314 1945 persona
332 1865 570 1947 episcoporum
592 1884 632 1928 ac
655 1863 848 1947 principum
864 1864 953 1927 idem
970 1862 1117 1928 Albinus

168 1962 211 2025 ad
246 1982 361 2043 regem
400 1964 519 2028 attulit
553 1961 785 2027 Gallicanum.
856 1963 986 2026 Eodem
1024 1984 1117 2028 anno

168 2061 386 2137 Ethelredus‚
419 2082 481 2125 rex
515 2062 911 2138 Northanhumbrorum,
944 2062 1115 2126 Alfledam

168 2162 259 2243 regis
275 2159 362 2225 Offae
380 2162 485 2225 liliam
500 2155 660 2226 ³uxorem
677 2163 823 2244 accepit.

317 2337 367 2399 Do
381 2345 485 2401 sancto
499 2336 672 2402 Atbolborto
687 2359 754 2423 rope
770 2347 798 2401 nt
812 2347 958 2421 martyro.

221 2461 350 2524 Eodem
383 2470 537 2543 tempore
580 2481 641 2524 rex
674 2463 892 2525 orientalium
925 2460 1120 2543 Anglorum

169 2553 427 2636 *Athelbertus
443 2561 534 2623 filius
551 2561 641 2642 regis
658 2561 847 2638 Ethelredi,
863 2580 884 2624 a
903 2561 1025 2623 linibus
1042 2580 1119 2641 reg-

172 2659 207 2722 ni
232 2660 299 2736 sui,
316 2667 425 2723 matre
453 2660 597 2723 multum
623 2661 810 2737 inhibente,
837 2680 1009 2742 egressus,
1025 2661 1120 2724 venit

171 2759 213 2822 ad
229 2759 352 2835 0ffam,
379 2779 495 2841 regem
517 2759 725 2823 Merciorum
753 2761 1044 2842 potentissimum,
1061 2779 1121 2843 pe-

172 2867 247 2922 tens
271 2860 315 2921 ab
343 2878 384 2922 eo
406 2868 446 2923 ut
468 2859 572 2922 filiam
595 2879 692 2922 suam
722 2860 753 2922 ei
783 2859 882 2923 daret
902 2859 1120 2922 matrimonio

172 2958 411 3040 copulandam.
465 2957 544 3021 Offa
559 2978 641 3022 vero
664 2979 726 3022 rex
742 2958 987 3034 nobilissimus,
1004 2966 1039 3021 et
1061 2977 1121 3039 ge-

173 3077 253 3122 nere
281 3057 505 3135 elarissimus,
521 3078 599 3121 cum
621 3058 702 3121 dicti
732 3059 822 3140 regis
847 3058 1017 3122 adventus
1040 3077 1122 3121 cau·

172 3176 245 3221 sam
260 3158 492 3238 cognovisset,
515 3159 669 3240 suscepit
685 3158 877 3221 illum-cum
893 3157 1044 3220 maximo
1058 3157 1120 3220 ho·

173 3277 256 3322 nore
272 3258 308 3320 in
323 3257 454 3338 palatio
475 3258 583 3339 regio,
601 3264 721 3321 ettam
736 3256 802 3339 ipsi
819 3258 892 3338 regi
906 3275 1010 3340 quam
1027 3276 1120 3321 com-

173 3356 397 3433 militonibus
414 3357 472 3438 qui
490 3377 568 3420 cum
584 3356 644 3420 illo
667 3358 893 3433 advenerant,
912 3376 1012 3419 omne
1027 3355 1120 3439 quod

173 3457 288 3539 potuit
311 3456 538 3520 humanitatis
567 3458 769 3539 obsequium
792 3457 991 3520 exhibebat.
1043 3455 1123 3519 uffa

173 3576 309 3639 quoque
323 3576 385 3620 rex
397 3576 474 3619 cnm
493 3556 649 3637 reginam
665 3575 764 3619 suam
775 3555 1027 3634 Quendritham
1043 3575 1122 3618 con-

173 3657 318 3734 veniret,
334 3664 369 3720 et
383 3656 563 3719 consilium
584 3664 754 3738 quaereret
776 3655 819 3719 de
841 3655 1042 3738 praemissiS,
1063 3655 1124 3718 illa

210 3857 217 3887 ¹
232 3856 428 3920 Constantinus]
445 3857 492 3905 See
505 3858 593 3918 above,
604 3855 638 3904 ud
662 3854 691 3903 ot
700 3855 847 3915 September
858 3858 921 3914 ⁷923
939 3854 1000 3903 Sex.
1013 3853 1108 3904 Chron.

174 3946 215 3980 an.
227 3933 285 3987 782,
295 3931 349 3974 note
360 3923 379 3975 ⁶.
697 3923 707 3951 ⁴
717 3921 895 3982 Athotbertus]
916 3924 969 3972 The
986 3923 1037 3985 day
1056 3938 1125 3985 upon

210 3996 503 4059 numennumen]
516 3996 638 4057 Compare
661 3993 745 4043 which
768 3994 808 4043 his
832 3994 984 4054 martyrdom
1013 3995 1035 4041 is
1061 3994 1126 4042 cele·

175 4071 285 4129 Simeon,
315 4066 349 4115 ud
376 4081 418 4114 an.
441 4069 498 4125 792,
525 4065 586 4113 with
615 4066 639 4113 le
663 4064 750 4112 brated
770 4065 792 4113 is
811 4069 843 4113 20
864 4065 935 4124 May.
972 4063 1022 4110 His
1042 4063 1085 4110 lise
1103 4064 1126 4111 is

176 4140 276 4200 Coirrte,
288 4137 380 4185 Annnl.
392 4136 425 4183 vi.
438 4151 462 4196 p.
476 4138 532 4183 48⁰.
664 4134 761 4195 printed
786 4135 811 4182 in
834 4135 876 4183 the
906 4134 971 4182 Non.
996 4133 1057 4193 Leg.
1081 4132 1125 4183 fol.

209 4208 220 4239 ³
235 4210 341 4257 Uxorem
352 4205 466 4267 occepit]
485 4220 516 4252 ou
528 4204 569 4252 the
581 4204 640 4252 nuth
664 4204 767 4253 cxxxvi.
779 4204 803 4252 b.

1128 791 1152 830 Α,
1155 791 1181 830 DQ
1191 789 1235 829 ⁷921

1126 840 1264 880 consuntine

1127 901 1228 940 emperor.

1132 2480 1218 2522 l’uslon
1228 2481 1252 2520 ot

1131 2531 1270 2573 Aethelberht

1131 2583 1184 2631 king
1192 2582 1234 2621 und

1131 2638 1218 2681 minu.
