2888 4852
412 447 552 496 ruoans
574 446 842 497 nrsrontsnou.
1036 427 1101 493 tll

150 625 243 689 papa
268 605 389 688 [sedit]
417 605 592 669 mensibus
619 605 755 669 duobus
777 605 830 686 [et
851 602 975 667 diebus
1001 603 1101 684 quin-

151 706 247 788 que]
300 699 389 891 ¹]Lco
408 725 500 788 papa
516 705 637 788 [sedit]
661 723 753 769 anno
774 722 843 767 uno
860 704 912 786 [et
927 703 1102 766 mensibus

151 813 312 887 quatuor.

300 946 349 1010 De
364 945 587 1009 restauratione
599 943 732 1008 deonna
747 942 960 1009 amotarum.

201 1066 306 1132 Anno
325 1068 465 1133 Domini
488 1083 704 1132 nccccnxiu
722 1087 785 1132 rex
801 1068 982 1150 Eadgarus
1000 1064 1102 1129 Paci·
1115 1087 1226 1128 anno.

152 1168 238 1231 ficus
258 1169 295 1230 in
318 1188 409 1232 novo
427 1169 636 1232 monasterio
651 1161 762 1250 'apud
779 1167 997 1232 Wintoniam
1014 1173 1049 1230 et
1067 1166 1102 1228 in
1115 1136 1228 1235 isim

153 1267 370 1331 Middeltona
394 1266 582 1331 monachos
608 1268 805 1345 collocavit,
833 1275 869 1331 et
890 1266 959 1330 illis
983 1264 1102 1329 Ethel·
1115 1237 1239 1277 mm

152 1386 287 1448 garum,
305 1368 382 1432 istis
398 1386 480 1431 vero
499 1366 760 1443 Kinewardum,
777 1368 921 1432 abbates
936 1364 1103 1449 praefecit.

424 1540 474 1604 De
486 1539 694 1605 admonitione
711 1540 831 1605 aaut.

203 1661 307 1728 Anno
334 1662 476 1727 Domini
503 1679 704 1728 nccocuxu
726 1656 925 1729 ³Johannes
953 1662 1044 1727 sedit
1069 1661 1106 1725 in
1116 1681 1172 1723 nn.
1181 1683 1227 1722 aa.

153 1762 318 1827 cathedra
336 1761 497 1826 Romana
517 1763 617 1827 annis
640 1770 773 1845 septem
789 1771 826 1828 et
842 1762 1018 1827 mensibus
1039 1781 1106 1825 un·
1117 1732 1211 1774 m*

154 1863 275 1927 decim.
321 1861 391 1925 Per
409 1861 500 1926 idem
522 1868 658 1946 tempus
680 1872 823 1928 sanctus
838 1856 1106 1939 *Ethelwoldus

153 1962 338 2027 Wentanee
366 1963 462 2025 urbis
494 1962 688 2046 episcopus,
713 1983 791 2028 cum
824 1969 926 2027 nocte
957 1960 1107 2044 quadam

154 2062 198 2125 ad
217 2063 331 2146 majus
345 2060 499 2126 ecclesiae
514 2081 588 2126 suae
609 2063 720 2127 altare
737 2070 818 2128 ante
832 2068 1030 2125 sanctorum
1052 2079 1106 2124 re·

154 2163 280 2244 liqnias
306 2169 416 2226 staret
428 2161 465 2225 in
481 2162 650 2240 oratione,
663 2170 735 2226 tres
750 2163 818 2226 sibi
832 2179 988 2244 personae
1008 2179 1108 2224 reve·

155 2263 271 2325 rendae
287 2268 534 2344 apparuerunt,
549 2281 697 2344 quarum
712 2261 786 2340 illa,
797 2281 875 2345 quae
891 2259 1108 2325 mediavide·

154 2361 269 2437 batur,
285 2360 347 2424 has
362 2379 466 2425 voces
483 2360 660 2426 evidenter
677 2361 861 2443 expressit,
878 2365 887 2394 ‘
902 2360 979 2442 Ego
1006 2359 1107 2436 sum,'

154 2460 279 2542 inquit,
313 2460 532 2538 ‘Birstanus,
561 2461 665 2546 hujus
694 2461 789 2525 urbis
828 2459 1003 2544 quondum
1034 2459 1107 2541 epi-

155 2560 305 2643 scopuS‚'
321 2568 357 2625 et
371 2567 505 2642 partem
529 2561 714 2625 ostendens
734 2560 906 2636 dextram,
923 2558 1041 2635 ‘Hic,'
1054 2558 1106 2621 in-

155 2661 243 2740 quit,
259 2664 334 2723 ‘est
362 2659 516 2737 Eirieus,
538 2659 641 2743 hujus
666 2659 820 2723 ecclesiae
844 2657 1050 2742 praedicator
1072 2664 1108 2722 et

156 2760 313 2840 pontifex
340 2759 494 2840 primus,'
521 2766 557 2822 et
580 2758 757 2822 sinistram
792 2756 989 2834 ostendens,
1014 2755 1107 2821 ‘Hic

156 2858 233 2935 est,'
262 2858 324 2935 ait,
349 2862 514 2921 ‘sanctus
545 2855 759 2935 swithunus,
785 2856 975 2940 spiritualis
1002 2855 1107 2939 hujus

157 2957 312 3020 ecclesiae
339 2964 374 3020 et
400 2955 552 3020 civitatis
580 2964 772 3039 patronus3
798 2955 935 3020 noveris
958 2974 1107 3038 quoque,

157 3055 249 3138 quod
265 3056 356 3119 sicut
372 3075 427 3118 me
441 3074 520 3119 cum
536 3056 585 3120 eis
600 3055 697 3121 vides
714 3056 752 3119 in
769 3064 830 3120 tua
846 3054 1041 3137 praesentia,
1057 3055 1108 3118 ita

158 3175 236 3219 cum
251 3155 350 3218 eisin
365 3154 451 3218 caelo
466 3174 535 3218 non
547 3155 677 3238 dispari
693 3155 790 3220 fruor
805 3153 929 3236 gloria,
943 3172 1005 3216 cur
1024 3172 1108 3235 ergo
1205 3236 1208 3241 .

157 3254 340 3319 defraudor
355 3253 551 3317 mortalium
575 3254 837 3319 honorificentia
858 3254 895 3317 in
917 3252 1030 3331 terris,
1048 3253 1108 3334 qui

156 3354 359 3436 magnificor
373 3352 562 3417 caelestium
580 3353 755 3419 consortio
773 3353 956 3437 spirituum
981 3353 1018 3416 in
1042 3371 1110 3416 cae-

156 3456 199 3519 lis
211 3453 237 3519 t’
289 3453 335 3518 Et
351 3453 404 3516 his
419 3452 533 3530 dictis,
549 3454 586 3517 in
609 3473 724 3518 aerem
749 3462 804 3518 est
818 3453 930 3517 elatus
953 3472 1028 3515 cum
1054 3472 1108 3516 so-

156 3556 229 3631 ciis,
245 3555 433 3637 pretiosam
455 3553 510 3616 sui
534 3554 735 3619 memoriam
759 3552 1107 3636 comprovincialibus

157 3654 352 3735 relinquens
369 3654 406 3716 in
421 3653 534 3717 terris.
933 3653 935 3658 ’

157 3835 272 3896 uponthe
277 3835 353 3884 death
358 3834 388 3883 oi
389 3834 504 3884 Jobntbs
511 3834 620 3896 twelsth,
643 3836 686 3884 the
697 3836 759 3886 Sex.
771 3836 864 3886 Chron.
876 3836 941 3885 udds
950 3835 958 3864 ‘
967 3833 1109 3895 Cbertsey.’

157 3905 208 3953 und
219 3919 274 3953 was
285 3904 424 3967 compelled
435 3905 469 3965 by
480 3905 522 3953 the
533 3921 620 3967 empe-
681 3899 857 3973 ’debanna,]
887 3905 929 3954 the
955 3905 1108 3967 thirteeutb3

157 3989 198 4023 ror
209 3978 233 4021 to
245 3975 329 4036 resign
341 3976 366 4022 in
377 3973 467 4023 favour
477 3974 507 4023 of
515 3975 575 4025 Leo.
644 3975 677 4024 he
687 3974 747 4023 died
758 3977 783 4024 in
795 3976 952 4036 September,
962 3975 987 4022 in
999 3978 1057 4023 972.

193 4040 284 4107 ¹Leo,]
300 4044 343 4092 the
354 4043 455 4105 eigbth:
473 4043 505 4093 be
516 4044 575 4093 died
593 4045 620 4093 in
680 4044 896 4107 ‘Etdelwotdus.]
925 4043 976 4092 His
1001 4042 1046 4092 lise
1073 4043 1108 4103 by

159 4113 249 4162 March
261 4129 290 4162 or
299 4113 374 4174 April
385 4117 442 4162 96⁶.
645 4114 763 4163 Wulstun
774 4116 797 4163 is
809 4115 908 4176 printed
927 4114 962 4174 by
976 4112 1109 4174 Mabillon,

192 4180 286 4246 'Apud
302 4182 453 4232 Wintonium
470 4187 495 4231 et
515 4183 621 4232 tamtu-
645 4183 704 4232 Act.
726 4184 773 4235 SS.
796 4183 862 4235 0111.
887 4182 985 4234 uened.
1011 4196 1063 4235 sec.
1079 4197 1106 4234 ν.

157 4251 618 4317 deltano.]SoFloreneeand8imeon;
645 4256 740 4314 noco.
844 4258 850 4266 ‘
