2888 4852
565 425 738 472 ranancss.
1054 429 1128 474 XXV

175 589 213 643 ut
243 581 474 662 proditionem
504 581 630 645 saetam
661 583 726 644 snb
754 582 1008 665 lachrymarum
1034 584 1249 648 vela-autu.

174 681 264 743 mine
294 680 466 762 palliaret.
519 681 568 743 At
594 681 839 762 VortigernuS,
873 682 1005 745 civibus
1034 682 1126 746 Lon·

174 780 409 856 doniensibuS,
430 790 469 843 ut
487 780 560 844 haec
581 781 790 856 acciderant,
815 783 1027 859 convocatiS,
1048 782 1127 846 Pic-

174 893 229 944 tos
255 880 334 943 illos
360 881 468 964 jussit
498 880 674 957 decollari,
702 889 740 943 ut
767 882 942 962 propriam
970 882 1125 947 fraudem

175 982 218 1042 ab
248 979 314 1044 boc
347 979 476 1043 scelere
508 979 665 1043 redderet
693 989 906 1044 excusatam.
957 981 1125 1059 Tandem,

176 1100 251 1142 cum
271 1081 441 1142 neminem
461 1080 525 1142 sibi
550 1079 721 1161 paremio
748 1100 854 1160 regno
875 1083 1125 1162 conspexisset,

176 1181 340 1261 imposuit
362 1181 467 1261 capiti
491 1199 555 1242 suo
583 1197 745 1242 coronam
773 1180 978 1256 Britanniae,
1005 1189 1040 1244 et
1066 1200 1124 1244 su·

175 1299 378 1360 pergressus
409 1288 461 1342 est
492 1278 664 1361 principes
695 1279 885 1342 universos.
952 1281 1124 1344 Sublima-

175 1388 232 1442 tus
246 1398 343 1460 ergo,
366 1379 473 1460 eoepit
489 1379 524 1441 in
548 1398 587 1441 eo
610 1397 764 1441 crescere
788 1379 937 1441 omnium
957 1379 1032 1443 lues
1051 1399 1125 1443 sce-

175 1479 294 1553 lerum,
328 1478 514 1541 crudelitas
542 1478 716 1560 praecipue
748 1486 783 1541 et
812 1479 928 1542 odium
956 1480 1125 1556 veritatis,

175 1587 396 1660 contemptus
427 1577 506 1654 Dei,
533 1596 628 1640 amor
653 1578 834 1654 mendacii,
863 1580 1023 1655 ebriatae,
1050 1580 1124 1642 ani·

176 1680 331 1754 mositaS,
344 1679 505 1758 litigium,
521 1677 708 1753 contentio,
724 1678 882 1759 perditio,
897 1678 986 1741 livor
999 1679 1125 1741 anxius

174 1790 208 1842 et
225 1781 343 1854 luxus,
366 1797 444 1842 cum
457 1778 592 1840 caeteris
605 1777 758 1858 flagitiis,
776 1777 863 1841 adeo
879 1778 1016 1859 quidem
1032 1779 1124 1859 quod

176 1900 237 1943 nec
256 1899 362 1941 unum
388 1897 432 1940 ex
455 1877 613 1941 omnibus
635 1877 700 1939 sibi
722 1877 874 1940 creditur
896 1877 1054 1953 defuisse,
1078 1886 1125 1954 et,

176 1980 267 2062 quod
291 1979 441 2040 maxime
465 1976 638 2040 honestati
662 1978 872 2040 contrarium
898 1985 964 2052 est,
992 1976 1124 2040 nobiles

175 2080 370 2162 deprimens
392 2086 427 2140 et
453 2077 589 2140 infimos
611 2076 795 2153 extollens,
816 2077 893 2140 Deo
918 2084 953 2141 et
977 2076 1124 2140 homiui·

176 2181 239 2242 bus
256 2177 402 2242 efficitur
417 2176 574 2268 odiosus..

244 2359 253 2386 ‘
275 2351 317 2414 Ut
330 2358 454 2414 sanctas
472 2350 646 2414 Gemonias
660 2351 695 2414 in
712 2350 920 2414 Britanniam
937 2350 1056 2415 venians

386 2448 597 2533 Pelopidarum
613 2449 749 2513 barracim
764 2450 917 2514 mleccril.

223 2572 346 2637 ‘Anno
361 2573 484 2654 gratiae
495 2588 686 2636 ccccxcvi.
699 2574 839 2637 haeresis
851 2573 1055 2654 Pelagiaua,
1066 2595 1128 2657 per
1138 2599 1193 2638 au.
1202 2600 1247 2638 aa.

179 2672 380 2756 Agricolam
404 2672 539 2754 Pelagii
562 2673 767 2755 discipulum
790 2673 900 2749 illata,
923 2674 1025 2737 fidem
1048 2649 1268 2746 Bri-bilibit

178 2784 299 2838 tonum
318 2772 411 2835 foeda
432 2781 530 2853 peste
549 2774 746 2837 maculavit.
799 2773 931 2837 Verum
955 2775 1126 2852 Britanni,
1138 2750 1286 2789 ⁸'⁰⁹‘¹¹¹'¹¹¹”'

178 2895 255 2938 cum
276 2893 388 2954 neque
407 2873 580 2954 suscipere
602 2874 725 2954 dogma
747 2893 959 2955 perversum,
978 2875 1125 2955 gratiam

180 2974 310 3038 Christi
338 2971 619 3054 blasphemando,
646 2973 819 3036 ullatenus
842 2973 983 3049 vellent,
1015 2993 1126 3055 neque

179 3074 368 3138 versutiam
399 3071 540 3135 nefariae
569 3073 802 3154 persuasionis
835 3072 984 3136 refutare
1012 3075 1125 3136 verbis

178 3173 343 3239 certando
378 3169 585 3248 sufficerent,
624 3173 805 3235 inveniunt
838 3173 976 3236 salubre
1011 3174 1123 3236 consi-

179 3276 275 3349 lium,
292 3281 331 3335 ut
344 3291 366 3335 a
382 3270 573 3336 Gallicanis
590 3273 760 3354 episcopis
779 3273 944 3334 auxilium
961 3272 1040 3335 belli
1055 3275 1125 3354 spi·

179 3373 315 3438 ritualis
337 3373 524 3454 inquirant.
577 3370 807 3450 Quamobrem
832 3372 977 3436 collecta
999 3372 1124 3436 ibidem

180 3492 307 3556 magna
324 3471 469 3556 synodo,
487 3473 705 3554 quaerebatur
720 3473 755 3534 in
772 3491 952 3535 commune
970 3473 1028 3553 qui
1044 3471 1125 3535 illuc

180 3577 213 3638 in
236 3592 437 3636 succursum
453 3572 533 3636 fidei
552 3572 644 3635 mitti
659 3571 834 3647 deberent,
850 3578 954 3653 atque
972 3572 1124 3635 omnium

175 3675 307 3758 judicio
321 3673 539 3754 eligebantur
557 3672 738 3753 apostolici
752 3671 960 3747 sacerdotes
979 3670 1124 3735 Germa·

181 3795 245 3838 nus
263 3771 559 3837 Autisiodoreusis
574 3781 609 3834 et
626 3772 745 3854 Lupus
760 3772 957 3835 Trecasinae
973 3771 1125 3834 civitatis

181 3873 344 3957 episcopi,
362 3872 422 3953 qui
446 3871 488 3934 ad
510 3871 776 3935 confirmandam
799 3871 898 3933 fidem
926 3871 1125 3934 Britannias

181 3975 356 4050 venirent3
382 3972 454 4053 qui,
470 3990 546 4033 cum
569 3978 730 4053 prompta
752 3971 935 4034 devotione
956 3990 1075 4052 preces
1092 3980 1127 4034 et

176 4075 277 4158 jussa
294 4080 425 4135 sanctae
440 4071 594 4134 ecclesiae
617 4072 863 4153 suscepissent,
881 4071 1012 4134 intrant
1026 4089 1126 4134 ocea-

182 4194 274 4251 num,
301 4182 346 4249 et,
376 4173 458 4235 licet
485 4190 562 4234 cum
592 4171 721 4247 labore,
749 4171 885 4235 tandem
912 4171 1064 4235 decursis
1092 4172 1127 4234 in
