2888 4852
407 449 543 498 anonas
572 449 838 500 nrsronrnnuu.
1027 435 1092 501 481

143 613 275 686 etpost
296 613 430 688 patrem
454 608 641 689 imperator
655 617 804 686 creatus,
827 609 995 690 repetenti
1021 609 1090 672 cle·
1104 625 1196 677 harnd-

144 703 214 767 rico
237 705 473 787 episcopatum
499 707 664 784 donavit;
699 708 852 772 sednon
877 709 986 772 multo
1011 716 1091 793 post

143 803 242 882 gravi
272 804 470 869 infirmitate
507 813 685 888 correptus
723 807 813 871 lecto
846 807 1020 884 decubuit,
1054 817 1090 872 et

142 903 348 983 aegritudine
362 904 595 976 invalescente
607 926 668 987 per
681 906 833 970 triduum
845 908 975 988 absque
986 926 1090 970 sensu

39 1087 40 1090 Ἴ
142 1008 178 1064 et
194 1021 291 1079 voce,
317 1008 352 1067 et
373 1004 473 1085 quasi
500 1024 519 1067 e
544 1023 687 1086 corpore
713 1014 848 1087 raptus,
870 1005 1024 1089 jacebat,
1052 1015 1090 1070 nt

142 1100 217 1164 solo
248 1111 387 1184 pectore
409 1102 525 1166 vitalis
554 1104 612 1166 vix
639 1103 782 1185 spiritns
805 1106 1003 1186 palpitaret,
1027 1124 1090 1169 nec

143 1199 235 1263 alind
266 1202 349 1265 vitae
378 1208 453 1266 erat
484 1202 660 1279 indicium,
687 1204 752 1266 nisi
776 1204 880 1285 qnod,
909 1224 1012 1268 mann
1045 1205 1101 1267 ad·

143 1318 245 1363 nares
271 1302 442 1384 apposita,
466 1302 681 1365 sentiebatur
706 1302 879 1367 anhelitus
913 1303 1087 1386 perexilis.

142 1398 242 1462 Tunc
266 1409 455 1482 praesentes
480 1401 633 1483 episcopi
660 1410 696 1465 et
722 1403 834 1479 amici,
851 1403 1013 1467 triduano
1035 1403 1088 1465 in-

142 1497 235 1562 dicto
246 1498 393 1582 jejunio,
413 1499 599 1582 lachrymis
623 1509 658 1564 et
675 1501 766 1565 votis
783 1501 935 1565 divinam
952 1522 1015 1583 pro
1032 1520 1088 1564 sa-

142 1596 215 1660 lnte
245 1598 462 1680 imperatoris
487 1599 702 1664 clementiam
735 1600 978 1682 implorabant,
1012 1601 1089 1682 qui-

142 1697 217 1773 bus,
233 1705 271 1761 ut
288 1699 450 1774 creditur,
468 1699 626 1762 remediis
643 1699 897 1778 convalescens,
915 1700 1027 1763 accito
1044 1699 1088 1762 ad

142 1813 180 1858 se
202 1797 365 1879 episcopo
387 1799 574 1862 simoniace
592 1818 654 1880 pro
679 1798 797 1862 fistula
820 1806 986 1880 argentea
1008 1817 1088 1880 pro·

142 1904 246 1971 moto,
270 1896 367 1959 illum
387 1917 449 1979 per
463 1896 639 1961 decretum
654 1899 791 1962 concilii
804 1898 1030 1980 degradavit3
1054 1906 1089 1962 et

141 1994 319 2058 consessus
330 2004 383 2060 est
393 1998 593 2079 imperator,
608 1997 826 2061 audientibus
839 1998 984 2074 cunctis,
996 1998 1088 2079 qnod

142 2114 204 2175 per
217 2102 328 2159 totum
354 2095 517 2174 triduum,
534 2116 602 2179 quo
624 2097 794 2160 exanimis
812 2097 983 2180 jacuerat,
1000 2096 1090 2160 inter

143 2193 317 2259 daemones
342 2196 564 2272 constitutus,
586 2195 664 2260 illos
688 2196 774 2260 adeo
800 2196 909 2260 sensit
933 2194 1090 2272 infestos,

143 2294 235 2375 qnod
251 2295 406 2359 flammas
421 2296 542 2378 igneas
556 2316 619 2378 per
634 2296 784 2359 fistulam
800 2295 893 2358 illam
910 2296 946 2359 in
960 2314 1000 2359 os
1014 2295 1090 2378 ejus

137 2393 347 2477 jaculanteS,
368 2415 493 2478 corpus
515 2395 609 2459 illius
631 2403 755 2471 totum,
775 2403 844 2458 tam
870 2396 964 2459 intus
984 2413 1088 2477 quam

143 2494 309 2569 exterius,
338 2495 578 2559 incendebant.
632 2494 791 2558 Flamma
821 2494 959 2576 quidem
991 2493 1088 2556 illum

143 2592 229 2657 adeo
260 2596 441 2672 exurebat,
469 2594 559 2675 qnod
590 2602 748 2657 terrenus
778 2594 869 2675 ignis
901 2600 1030 2669 noster,
1053 2594 1089 2655 in

143 2694 400 2775 comparatione
440 2692 534 2755 illins
562 2694 722 2768 flammae,
752 2693 890 2774 tepidus
923 2700 958 2755 et
988 2693 1088 2772 quasi

144 2791 228 2854 nihil
252 2792 377 2855 caloris
398 2791 557 2856 videatur
581 2790 729 2869 habere3
753 2791 813 2855 sed
831 2792 921 2855 inter
943 2789 1017 2852 haec
1040 2791 1089 2853 in·

143 2890 264 2954 cendia
280 2891 486 2971 gravissima
502 2891 623 2955 babuit
636 2890 807 2973 quendam
814 2890 992 2973 juvenem,
1005 2908 1090 2971 qna-

144 2989 174 3052 si
203 2997 357 3053 assatum
384 2991 478 3072 igne,
500 2989 613 3054 dictus
635 2991 834 3072 imperator,
860 2989 919 3070 qui
948 2988 1090 3052 calicem

144 3107 287 3151 aureum
299 3089 395 3152 mirae
410 3089 657 3170 magnitudinis
671 3107 763 3171 aqua
777 3087 917 3170 plenum
932 3088 1091 3151 manibus

145 3188 310 3269 portavit,
326 3188 426 3272 cujus
440 3188 671 3252 sollicitudine
694 3206 735 3251 ac
756 3187 871 3251 laticis
894 3187 1092 3268 aspersione

145 3287 326 3351 ardoribus
345 3288 540 3364 exstinctis,
558 3287 601 3350 ad
626 3287 808 3369 pristinam
835 3284 937 3349 rediit
960 3287 1092 3349 sanita·

146 3394 235 3465 tem;
259 3407 405 3471 cumque
425 3387 467 3451 de
488 3387 619 3470 Juvene
645 3394 762 3449 assato
787 3385 971 3449 miraretur
985 3385 1094 3467 impe·

146 3497 251 3563 rator,
269 3487 347 3569 quis
363 3494 455 3550 esset
470 3487 530 3568 qni
554 3485 620 3549 sibi
644 3485 857 3566 refrigerium
872 3485 1094 3567 praestiterat,

146 3586 275 3649 dictum
295 3587 326 3649 ei
349 3606 411 3669 per
429 3605 548 3649 vocem
570 3584 705 3648 caelitus
730 3584 902 3660 emissam,
927 3582 1095 3659 ‘Reduc,'

146 3685 269 3766 inquit,
285 3686 349 3748 ‘ad
365 3686 563 3749 memoriam
580 3685 623 3748 de
643 3684 802 3748 coenobio
817 3684 909 3747 beati
933 3682 1095 3766 martyris

148 3783 337 3860 Laurentii,
354 3784 435 3847 olim
451 3803 473 3847 a
488 3783 635 3866 paganis
652 3784 840 3859 destructo,
856 3782 948 3864 quod
975 3781 1096 3844 reaedi-

147 3884 271 3959 ficasti,
294 3890 340 3960 et,
365 3883 543 3946 monachis
564 3883 747 3965 impositis,
773 3882 904 3964 praedia
929 3880 1040 3943 multa
1062 3887 1097 3943 et

146 3989 360 4058 ornamenta,
387 4001 466 4045 cunr
494 4001 599 4046 aureo
622 3982 730 4045 calice
755 3981 899 4062 gemmis
923 3979 1098 4053 decorato,

146 4101 247 4165 quem
265 4082 309 4146 ob
325 4081 418 4144 illins
435 4082 598 4165 martyris
613 4080 777 4144 honorem
788 4079 999 4144 monasterio
1015 4096 1097 4141 con-

147 4182 280 4260 tnlisti3
305 4182 394 4244 unde
421 4180 612 4245 certissime
639 4199 829 4261 cognoscas
855 4178 968 4261 ipsum
994 4177 1100 4240 luisse

197 4297 277 4345 von.
295 4297 319 4344 1.
892 4278 947 4340 ar
