2888 4852
419 421 558 471 eronus
582 422 851 473 ursrosrsruu.
1042 409 1108 473 147

151 572 336 643 habuimus
358 599 468 664 equos
485 580 639 659 viliores,
664 580 721 646 vel
746 580 833 645 alias
856 581 1002 662 species,
1026 600 1105 663 quae
1169 641 1177 656 ,

150 679 361 759 pauperibus
375 679 584 760 sufficerent,
598 690 635 746 et
650 680 681 745 si
696 700 766 745 non
781 681 831 744 eis
848 680 949 744 dares
964 700 1102 763 equum,

148 793 252 856 quern
282 780 347 844 tibi
377 781 577 864 specialiter
606 781 739 863 elegil’
807 779 874 845 Cui
904 780 1100 864 episcopus,

147 873 266 954 ‘Quid
296 879 470 964 loqueris,’
497 883 623 964 inquit,
647 886 758 959 ‘rex3
787 901 867 944 num
894 881 957 945 tibi
985 883 1100 946 carior

149 977 276 1042 estille
289 978 382 1044 iilius
396 1000 509 1065 equae,
523 1001 627 1065 quam
651 981 709 1045 ille
726 980 818 1044 filius
838 981 905 1044 Dei
917 981 949 1044 t'
1000 983 1100 1047 Tunc

148 1085 291 1158 repente
321 1099 396 1158 rex,
425 1083 598 1164 poenitens
627 1081 671 1145 de
699 1082 804 1146 verbo
830 1080 922 1163 quod
948 1080 1099 1159 dixerat,

148 1177 314 1244 continuo
336 1200 483 1263 surgens
504 1182 634 1248 corruit
648 1181 692 1245 ad
708 1180 814 1263 pedes
827 1181 992 1264 episcopi,
1015 1201 1097 1264 pos·

150 1274 278 1356 tulens,
303 1287 344 1345 nt
367 1281 532 1347 offensam
564 1282 630 1346 sibi
661 1281 861 1356 dimitteret,
889 1280 951 1345 teli
978 1283 1097 1346 condi-

149 1374 243 1441 tione
272 1386 313 1442 ut
340 1380 384 1444 de
414 1390 540 1448 caetero
568 1388 737 1465 qnantum
763 1381 913 1445 voluerit
943 1380 985 1445 de
1014 1384 1095 1445 sub·

147 1476 279 1542 stantia
295 1498 360 1544 sua
379 1479 460 1545 liliis
488 1482 556 1547 Dei
576 1482 729 1560 tribuat3
759 1480 852 1563 quod
878 1479 1000 1544 videns
1022 1483 1095 1564 epi-

146 1592 274 1659 scopus
287 1581 454 1645 continuo
477 1601 624 1664 surgens
644 1580 774 1646 levavit
786 1600 865 1644 eum
890 1582 1095 1663 promittens

146 1693 184 1738 se
207 1678 354 1744 multum
372 1680 425 1745 illi
438 1681 512 1747 iore
531 1682 720 1766 placatum,
736 1680 920 1744 dummodo
941 1680 1096 1746 residens

145 1775 324 1843 tristitiam
351 1780 515 1864 deponat.
577 1782 735 1865 Cumque
757 1779 903 1864 jubente
931 1782 1095 1864 episcopo

145 1894 208 1939 rex
221 1876 380 1944 laetitiam
401 1882 604 1965 susciperet,
620 1882 846 1946 contristatus
868 1886 922 1944 est
935 1882 1094 1963 pontifex

144 1975 365 2045 vehementer
392 1987 510 2064 atque,
540 1981 691 2064 profusis
721 1982 868 2046 ubertim
893 1979 1092 2065 lachrymis,

143 2074 343 2144 domesticis
364 2081 438 2144 suis
462 2081 577 2165 patria
601 2081 723 2164 lingua
749 2081 851 2158 dixit,
876 2079 1090 2163 ‘Nunquam

143 2177 326 2244 antelraec
345 2179 507 2246 humilem
525 2181 597 2247 vidi
622 2201 757 2264 regem;
781 2180 959 2245 nonenim
985 2180 1092 2264 digna

143 2283 199 2341 est
216 2276 294 2343 lroec
316 2280 415 2362 regio
429 2281 536 2346 talem
557 2280 683 2346 habere
697 2280 889 2345 rectorem?
935 2279 978 2344 Iu
1001 2282 1090 2346 cari·

142 2382 216 2442 tate
241 2378 389 2462 denique
420 2380 487 2446 Dei
515 2389 551 2446 et
580 2382 730 2464 proximi
752 2379 926 2463 perfectus
951 2381 1088 2458 enituit,

141 2476 224 2541 dnm
239 2478 277 2542 in
291 2479 360 2544 Dei
384 2480 568 2546 dilectione
589 2480 678 2545 adeo
700 2481 876 2564 proximos
892 2479 1027 2557 dilexit,
1050 2489 1089 2545 ut

141 2577 238 2657 genti
254 2580 416 2663 propriae,
432 2589 468 2670 et
483 2581 575 2665 quod
591 2581 702 2664 pluris
717 2587 782 2657 est,
797 2578 911 2643 alieno
925 2580 1088 2661 sanguini

139 2696 300 2759 parcens,
308 2681 483 2763 proprium
498 2679 702 2763 sanguinem
719 2678 926 2763 profundere
938 2688 1086 2745 curaret.

139 2776 211 2842 'l'ot
232 2777 341 2861 igitur
355 2781 552 2864 talibusque
568 2780 755 2845 virtutibus
772 2778 924 2862 undique
940 2780 1087 2844 circum·

139 2877 305 2956 vallatus,
319 2879 426 2964 digna
441 2881 518 2946 Deo
536 2880 650 2946 hostia
663 2879 805 2944 effectus
819 2878 864 2943 ad
882 2879 1087 2962 martyrium

135 2979 357 3061 properabat.

190 3077 321 3143 Passus
335 3073 406 3146 ¹est
419 3088 536 3145 autem
553 3077 771 3144 beatissimus
786 3098 848 3142 rex
867 3077 1029 3143 Oswinus
1050 3088 1086 3143 et

137 3186 271 3263 martyr
296 3181 400 3245 tertio
430 3180 564 3244 decimo
595 3177 650 3242 die
676 3178 901 3243 kalendarum
925 3179 1084 3261 Septem-

138 3277 264 3357 brium,
279 3296 372 3344 anno
388 3280 487 3363 regni
503 3279 580 3364 ejus
601 3298 705 3357 nono,
721 3279 757 3343 in
775 3280 864 3355 loco,
881 3280 940 3361 qui
958 3278 1085 3342 dicitur

137 3377 423 3462 ‘Ingetlingum,'
437 3398 631 3463 corpusque
648 3378 723 3464 ejus
745 3379 789 3443 ad
812 3379 992 3443 ecclesiam
1017 3379 1081 3444 Dei

137 3478 327 3561 genitricis,
354 3499 433 3562 quae
465 3481 502 3544 in
540 3480 631 3544 ostio
663 3478 774 3562 Tynae
808 3477 971 3555 fluminis,
1005 3498 1083 3561 quae

135 3579 178 3643 ad
199 3579 397 3663 aquilonem
420 3580 490 3644 sita
515 3587 580 3656 est,
603 3579 757 3643 delatum
780 3584 815 3642 et
831 3578 895 3641 sub
924 3576 1005 3642 divo
1027 3597 1083 3641 se·

134 3679 270 3763 pultum
285 3686 350 3745 est.
403 3679 517 3744 Rudis
531 3680 620 3744 enim
637 3679 732 3742 natio
755 3678 910 3760 gentium
925 3683 1001 3742 erat
1013 3677 1083 3741 illis

134 3779 172 3844 in
192 3778 291 3858 locis,
313 3780 373 3844 nbi
402 3798 528 3863 corpus
551 3778 712 3862 martyris
735 3778 779 3864 iu
793 3776 1008 3860 sarcophago
1030 3778 1082 3841 la·

133 3878 236 3963 pideo
259 3879 297 3944 in
317 3879 436 3945 abdito
455 3880 533 3943 sinu
547 3885 649 3949 terrae
666 3877 879 3943 reconditum
894 3883 959 3952 est,
975 3893 1083 3957 quan·

134 3978 248 4064 doque
271 3979 308 4044 in
329 3979 441 4045 lucem
466 3999 528 4062 per
555 3978 623 4042 Dei
650 3978 798 4060 gratiam
827 3974 1081 4059 proferendum.

230 4220 239 4254 ¹
251 4223 349 4274 Peraea
360 4222 419 4287 ert]
435 4221 484 4271 See
494 4221 536 4271 lrls
550 4218 596 4269 iiie
608 4219 633 4267 in
645 4218 714 4269 Nor.
726 4216 838 4278 Legend.
849 4217 927 4268 ccliii.
938 4217 964 4268 b.

916 4315 929 4350 r.
945 4306 961 4352 2
