2888 4852
561 407 734 457 sunnncn.
1049 394 1122 457 xvii

174 565 321 649 amplius
332 565 478 630 detineri
489 565 643 649 jubetur.
678 565 745 630 Sed
761 585 842 630 mox
857 565 1017 649 injuriam
1032 585 1122 629 mar·
1137 581 1247 672 ὢφ-

173 666 259 749 tyris
292 664 463 729 elementa
499 672 695 745 testantur3
731 685 753 729 a
785 673 937 746 tempore
974 685 1122 748 namque
1137 682 1242 722 auun-

174 763 489 848 comprehensionis
514 764 608 828 illius
634 784 743 847 usque
772 765 808 827 iu
834 764 923 827 diem
948 784 1017 847 quo
1046 784 1122 829 car·

173 884 248 928 cere
275 863 390 928 fuerat
412 863 655 940 absolvendus,
678 872 804 928 terrum
826 883 885 927 ros
913 872 974 927 aut
1003 864 1123 946 pluvia

174 983 241 1027 non
265 963 405 1040 infudit,
427 963 488 1026 sed
510 964 546 1025 in
568 962 642 1027 dies
662 963 818 1044 singulos
841 969 917 1026 tota
940 963 1034 1045 regio
1058 965 1122 1026 sub

174 1063 246 1127 sole
270 1061 512 1127 ardentissimo
534 1064 751 1140 torrebatur3
785 1082 853 1125 non
871 1063 958 1142 agri,
978 1082 1045 1126 non
1066 1082 1121 1126 ar-

174 1163 286 1238 bores,
304 1162 489 1245 quinquam
512 1160 685 1226 fructuum
708 1161 936 1243 protulerunt,
954 1162 1123 1226 elemento

175 1270 296 1325 contra
312 1262 437 1344 impios
454 1260 651 1325 dimicante.
702 1260 725 1324 J
729 1259 820 1324 udex
843 1267 957 1323 autem
979 1269 1014 1325 et
1028 1262 1122 1325 cives

140 1435 144 1444 .
176 1359 376 1436 verolamii,
404 1359 543 1443 plagam
566 1358 764 1443 hujusmodi
789 1379 858 1423 non
882 1359 1041 1437 serentes,
1058 1360 1122 1423 Al-

176 1460 266 1523 bano
284 1460 414 1524 crimen
432 1460 626 1541 imponunt,
648 1455 936 1541 congregatisque
957 1460 993 1522 in
1017 1480 1121 1524 unum

176 1560 347 1636 omnibus,
382 1559 494 1641 ipsum
511 1554 514 1559 ’
530 1558 596 1622 sibi
634 1559 837 1641 praesentari
870 1557 1048 1639 fecerunt3
1087 1568 1123 1623 et

177 1657 255 1721 dum
273 1665 384 1722 staret
399 1658 435 1721 in
451 1657 562 1721 medio
576 1656 818 1734 multitudinis,
834 1676 953 1721 omnes
969 1659 1122 1721 unanimi

177 1776 348 1822 consensu
372 1757 408 1820 in
428 1763 587 1820 sanctum
613 1755 681 1819 Dei
707 1757 827 1819 mortis
854 1756 963 1820 tulere
985 1764 1124 1821 senten-

177 1858 269 1921 tiam.
318 1857 400 1939 Ipse
418 1855 552 1920 interim
570 1874 706 1919 crucem
722 1855 875 1932 Domini,
898 1875 1002 1937 quam
1018 1876 1124 1920 manu

177 1958 328 2033 tenebat,
353 1956 550 2038 frequenter
574 1954 778 2018 deosculans
801 1961 837 2018 et
859 1953 1019 2032 adorans,
1042 1975 1125 2020 cau·

176 2075 248 2119 sam
264 2074 366 2119 suam
383 2055 534 2119 Domino
557 2054 829 2118 commendabat.
882 2051 1039 2118 Albanus
1059 2056 1125 2138 igi·

177 2161 233 2218 tur
257 2154 302 2218 de
318 2154 452 2238 judicio
475 2155 519 2217 ad
545 2153 753 2235 supplicium
778 2152 999 2233 trahebatur-3
1032 2175 1126 2218 cum-

177 2274 242 2336 que
259 2255 328 2317 iter
349 2260 492 2334 agentes
514 2250 558 2316 ad
581 2253 708 2316 flumen
730 2252 983 2335 rapidissimum
1004 2273 1125 2335 perve-

178 2359 316 2429 nerunt,
338 2352 495 2416 oratione
521 2350 565 2414 ad
597 2352 711 2416 Deum
737 2352 874 2427 emissa,
902 2353 992 2416 inter
1015 2353 1125 2417 undas

178 2453 270 2516 viam
302 2452 432 2534 populo
462 2451 637 2534 patefecit.
699 2450 800 2514 Tunc
825 2445 940 2515 ¹miles
967 2452 1037 2529 ille,
1067 2454 1127 2535 qni

178 2550 339 2615 trahebat
354 2549 540 2628 Albanum,
558 2551 633 2615 viso
650 2550 827 2626 miraculo,
846 2569 960 2614 ensem
976 2552 1126 2635 projicit,

178 2651 307 2715 latetur
328 2670 489 2727 errorem,
512 2655 546 2713 et
571 2668 593 2713 a
614 2646 736 2714 sancto
753 2649 889 2713 veniam
911 2650 1125 2732 deprecatur.

180 2750 249 2814 His
270 2751 323 2814 ita
344 2749 464 2831 gestis,
487 2749 616 2812 inimici
638 2749 795 2813 veritatis
812 2748 984 2813 hominem
1005 2751 1127 2833 arripi·

179 2858 253 2925 unt,
269 2849 390 2913 dentes
412 2848 604 2924 excutiunt,
629 2856 664 2912 et
681 2849 796 2912 omnia
813 2848 906 2912 illius
922 2868 1003 2912 ossa
1017 2851 1128 2912 immi-

178 2949 395 3013 sericorditer
422 2946 655 3029 confringunt,
679 2954 725 3023 et,
754 2948 784 3009 si
812 2946 898 3010 nihil
923 2949 959 3010 in
986 2967 1128 3030 corpore

178 3049 344 3112 remansit
366 3046 526 3123 illaesum,
554 3046 639 3109 fides
667 3053 794 3123 tamen,
815 3066 893 3129 quae
917 3045 1073 3110 fervebat
1092 3048 1128 3110 in

179 3155 330 3231 pectore,
345 3145 425 3211 laedi
441 3165 511 3209 non
526 3145 650 3228 potuit.

352 3321 640 3407 ‘Aldcmuesoutcm
655 3321 772 3384 oreada
780 3321 945 3405 producit.

229 3446 410 3510 ‘Tandem
436 3464 599 3510 cacumen
626 3444 754 3507 montis
780 3443 1005 3507 ascendentes
1030 3443 1127 3507 inve·
1141 3467 1239 3508 ulmis·

180 3553 305 3610 nerunt
328 3545 399 3609 illic
426 3544 564 3609 turbam
591 3543 767 3607 hominnm
787 3542 862 3605 sine
888 3561 1041 3619 numero,
1067 3545 1126 3625 qui
1140 3519 1272 3608 iissfflb'

179 3647 244 3709 sub
267 3644 340 3709 sole
364 3642 498 3708 ardenti
520 3642 579 3706 siti
598 3647 788 3706 aestuantes
811 3648 1002 3704 extremum
1025 3643 1126 3723 spiri-

180 3753 253 3809 tum
279 3744 355 3827 jam
380 3741 583 3820 trahebant3
621 3759 767 3822 quorum
793 3740 939 3803 miseriis
968 3739 1126 3806 Albanus

180 3843 375 3918 condolens,
407 3841 443 3904 in
476 3839 602 3904 montis
634 3839 810 3902 cacumine
838 3839 967 3903 fontem
996 3841 1127 3906 orando

215 4041 328 4105 muer]
345 4042 397 4090 His
417 4056 490 4090 name
511 4053 567 4089 was
586 4039 642 4087 He·
667 4038 761 4086 actsof
769 4038 815 4087 SS.
826 4039 936 4088 Albinus
954 4041 1004 4088 and
1023 4040 1129 4103 Amphi·

182 4114 284 4175 radim,
294 4128 323 4161 or
334 4111 464 4172 Maelius,
473 4109 641 4171 accordingto
668 4108 761 4170 bulus3
780 4109 886 4170 Ussher,
898 4124 924 4171 p.
935 4113 977 4160 89.

182 4183 316 4246 Cupgrave
333 4181 384 4232 and
400 4181 443 4230 the
455 4180 541 4230 writer
557 4179 586 4229 of
599 4178 641 4228 the
