2888 4852
68 927 73 934 ·
168 899 271 942 namot

169 949 279 991 mm

183 3979 269 4020 Pession
278 3978 303 4018 ot

181 4031 201 4069 Β.
210 4028 331 4070 Ειᾱωυιιᾱ.

323 411 389 474 310
580 425 710 472 uocum
735 425 782 472 un
804 424 1012 471 wnuuovna

335 728 338 733 ¹
389 658 438 720 De
446 657 559 741 pretio
574 658 657 721 inter
672 678 769 741 repom
784 655 1008 718 Eadmaadma
1022 664 1050 718 a
1065 654 1218 741 Hiapsar

716 776 879 819 commuto.

380 878 579 943 Reccdente
601 879 720 963 itaque
742 879 865 943 nuntio
879 879 1087 956 truculento,
1106 898 1168 942 rex
1184 879 1279 942 Ead-

330 978 479 1043 mundus
491 979 599 1062 jussit
620 979 871 1043 commilitones
893 979 937 1041 ad
960 997 1058 1042 arma
1081 979 1280 1056 convolare,

332 1097 503 1155 asserens,
530 1078 672 1160 dignum
703 1097 767 1161 pro
800 1077 867 1140 fide
897 1079 1029 1160 pariter
1055 1097 1214 1160 pugnare
1245 1089 1282 1143 et

332 1178 459 1260 patria,
475 1198 519 1241 ne
544 1178 737 1241 desertores
759 1178 890 1241 militiae
913 1197 952 1241 se
974 1197 1050 1241 esse
1073 1186 1110 1241 et
1124 1178 1280 1259 depopu-

332 1278 462 1341 latores
476 1279 712 1360 probarentur.
765 1277 882 1358 Igitur
893 1277 939 1339 ad
949 1278 1152 1340 instantium
1166 1276 1283 1341 Hum-

335 1378 424 1440 berti
448 1377 614 1460 episcopi,
636 1395 679 1440 ac
702 1377 866 1440 nobilium
881 1378 1033 1440 virorum
1058 1386 1095 1440 et
1115 1376 1283 1440 commili-
1324 1456 1327 1461 .

335 1484 457 1541 tonum
482 1496 636 1553 suorum,
658 1478 832 1540 animatus
853 1477 1073 1539 beatissimus
1102 1495 1166 1540 rex
1191 1475 1286 1539 Ead-

336 1575 497 1653 mundus,
519 1596 598 1640 cum
622 1584 697 1639 toto
717 1576 872 1639 exercitu
897 1595 999 1657 quem
1024 1575 1151 1639 habere
1170 1577 1285 1657 potnit

336 1675 501 1739 audacter
514 1676 682 1759 processit
695 1676 732 1738 in
744 1674 874 1751 hostes,
882 1684 919 1738 et
927 1694 995 1738 non
1011 1674 1115 1756 longe
1129 1676 1174 1738 ab
1183 1678 1281 1754 urbe,
1365 1711 1373 1726 ·

336 1794 416 1856 quae
436 1769 608 1839 ¹Rcdt'ord
623 1775 831 1857 appellatur,
848 1782 970 1838 contra
986 1774 1203 1839 adversarios
1219 1777 1286 1839 sibi

336 1876 474 1938 obviarn
490 1877 669 1938 venientes
686 1894 793 1955 grave
815 1881 989 1937 certamen
1009 1893 1051 1938 ac
1067 1876 1169 1938 nimis
1187 1883 1284 1939 utro·

336 1975 440 2056 bique
454 1974 656 2039 damnosum
678 1975 860 2037 commisit.
906 1972 1041 2056 Nempe
1055 1993 1134 2037 cum
1147 1994 1170 2038 a
1185 1994 1286 2039 mane

338 2074 406 2138 diei
430 2093 538 2156 usque
564 2074 608 2138 ad
625 2091 805 2156 vesperam
822 2081 944 2136 mutua
964 2093 1003 2136 se
1028 2093 1112 2136 nece
1131 2082 1285 2156 prostra-

338 2174 482 2250 vissent,
506 2180 542 2237 et
568 2194 632 2256 pro
657 2174 764 2237 nimia
784 2172 1042 2236 interfectorum
1065 2172 1286 2238 multitudine

340 2291 382 2336 ac
398 2274 568 2354 sanguine
583 2273 661 2337 loca
675 2272 874 2336 certaminis
889 2273 1100 2349 rubuissent,
1110 2274 1285 2355 piissimus

340 2391 402 2436 rex
430 2372 668 2450 Eadmundus,
690 2392 760 2437 non
783 2371 894 2435 solum
916 2391 961 2434 ex
975 2380 1094 2454 strage
1119 2373 1286 2436 commili-

341 2462 462 2534 tonum
493 2491 634 2535 suorum
663 2492 726 2554 pro
759 2472 886 2554 patria,
915 2479 1018 2553 gente
1048 2479 1084 2535 et
1108 2472 1175 2537 fide
1199 2471 1287 2536 Jesu

342 2570 473 2635 Christi
496 2572 757 2648 decertantium,
783 2590 872 2653 quos
894 2570 969 2653 jum
994 2573 1160 2655 martyrio
1189 2592 1289 2636 coro·

341 2678 442 2734 natos
459 2673 614 2752 agnovit,
631 2671 847 2747 condolebat,
863 2690 982 2733 verum
999 2672 1104 2734 etiam
1126 2691 1189 2753 pro
1206 2691 1290 2737 nece

341 2771 566 2835 barbarorum
591 2771 779 2835 infidelium
802 2769 845 2833 ad
869 2770 992 2834 inferni
1012 2771 1212 2834 barathrum
1229 2771 1290 2834 de-

342 2876 515 2934 trusorum
543 2872 645 2934 nimis
673 2890 790 2934 amare
818 2869 971 2951 lugebat.
1036 2870 1292 2935 Reccdentibus

342 2970 461 3052 itaque
485 2970 644 3052 primitus
666 2970 709 3033 dc
735 2969 810 3033 loco
831 2969 961 3032 funeris
983 2971 1142 3052 paganis,
1159 2972 1288 3035 beatis-

343 3069 451 3132 simus
481 3069 657 3133 consessor
687 3068 829 3145 Christi,
860 3088 922 3131 rex
952 3069 1187 3149 Eadmundus,
1211 3091 1290 3135 cum

344 3168 499 3250 reliquiis
528 3168 800 3232 commilitonum
821 3188 974 3245 suorum,
997 3169 1057 3251 qui
1085 3173 1290 3252 superstites

344 3275 456 3344 erant,
477 3268 521 3332 ad
549 3268 784 3332 Haeilesdune
808 3267 926 3331 villam
949 3269 1079 3350 regiam
1101 3271 1289 3352 profectus,

344 3365 606 3431 immutabiliter
619 3369 744 3432 statuit
767 3367 802 3429 in
827 3368 942 3431 auimo
964 3387 1040 3445 suo,
1057 3389 1094 3432 se
1116 3388 1291 3452 nunquam

344 3464 387 3527 de
402 3473 529 3529 caetero
544 3474 666 3529 contra
684 3468 848 3530 barbaros
865 3476 1120 3550 pugnaturum3
1144 3469 1204 3534 ssd
1226 3469 1292 3533 hoc

344 3563 560 3629 solummodo
574 3565 676 3643 dixit,
691 3567 756 3629 sibi
771 3566 844 3630 sore
859 3568 1101 3645 necessarium,
1116 3576 1156 3632 ut
1171 3576 1180 3603 ‘
1193 3569 1289 3634 solus

343 3665 527 3728 moriretur
542 3686 605 3748 pro
620 3666 748 3749 populo
766 3675 802 3730 et
815 3686 885 3729 non
900 3674 974 3730 tota
989 3688 1074 3749 gens
1090 3669 1240 3752 periret?

414 3836 463 3900 Do
471 3837 616 3921 passione
630 3835 711 3901 beati
725 3837 911 3903 Esdmrmdi
925 3838 1004 3924 repis
1017 3850 1045 3904 et
1059 3843 1219 3926 clanguit.

394 3958 558 4043 Hinguar
578 3963 697 4045 igitur,
724 3982 803 4026 cum
820 3962 862 4025 de
884 3970 1001 4045 strage
1020 3965 1092 4028 suis
1114 3966 1214 4032 illata
1235 3969 1289 4033 in-

552 4207 559 4237 ¹
573 4205 704 4278 arom]
722 4211 764 4259 on
775 4211 817 4260 oe
828 4213 924 4274 margin
936 4209 1072 4263 metrorus
