2888 4852
425 443 563 492 neonus
587 445 856 494 ursronrsnuu.
1053 430 1119 495 339

169 600 404 665 munificentia
418 602 554 666 illectus
571 611 606 667 et
622 595 853 684 magisterio,¹
862 611 901 667 ut
916 621 961 666 ex
978 603 1192 712 εοι’ἰρῐίεΜΠ
1128 621 1237 662 somnne·

167 700 320 784 ejusdem
343 702 435 783 regis
454 702 672 783 intelligitur,
696 701 853 765 Melduni
875 703 1041 783 magister
1062 723 1117 767 re·

167 799 277 878 sedit;
301 800 360 863 ubi
385 809 464 883 post
479 801 614 884 aliquot
632 819 742 864 annos
765 819 787 863 a
805 802 933 882 pueris,
949 821 1036 884 quos
1054 802 1116 866 do-

167 898 279 974 cebat,
294 899 449 981 graphiis
463 900 658 982 perforatus
678 900 829 963 animam
851 900 1030 964 exhalavit
1045 909 1116 965 tor-

168 1005 284 1062 mento
308 1000 407 1080 gravi
431 1006 466 1062 et
487 999 623 1062 acerbo.
674 998 698 1061 J
701 999 795 1063 acuit
819 1006 935 1062 autem
957 1000 1116 1082 aliquan·

168 1094 227 1158 diu
251 1097 287 1159 in
311 1096 430 1160 humili
446 1098 637 1179 sepultura,
652 1098 689 1160 in
714 1097 806 1161 beati
824 1098 1000 1162 Laurentii
1026 1099 1117 1162 basi-

168 1194 236 1258 lica
258 1215 383 1278 corpus
416 1196 492 1279 ejus
516 1196 744 1275 collocatum;
777 1196 837 1259 sed
865 1197 925 1259 ubi
950 1195 1115 1262 divinitus

167 1293 292 1359 cecidit
319 1314 423 1377 super
448 1295 523 1378 ejus
548 1295 761 1377 sepulturam
787 1295 904 1358 radius
932 1295 1023 1375 ignis
1049 1315 1116 1360 cae-

166 1391 275 1470 lestis,
294 1392 453 1457 monachi
471 1393 514 1456 de
531 1393 659 1458 talibus
676 1394 820 1457 animati
845 1394 1116 1458 revelationibus

166 1491 202 1552 in
230 1492 394 1577 majorem
422 1512 499 1556 eum
524 1491 776 1557 transtulerunt
798 1493 990 1569 ecclesiam,
1013 1502 1049 1558 et
1071 1494 1115 1556 ad

166 1591 342 1655 sinistram
355 1592 476 1655 altaris
492 1601 625 1674 partem
638 1590 885 1655 honorabiliter
902 1591 1115 1657 locaverunt.

168 1689 298 1753 Eodem
321 1684 431 1755 anno²
460 1691 597 1754 Marino
616 1709 717 1773 papae
740 1691 907 1754 successit
926 1684 1116 1755 ⁸Adrianus

167 1807 258 1853 anno
272 1808 341 1853 uno
355 1798 391 1854 et
407 1790 581 1854 mensibus
599 1790 721 1854 tribus.

257 1961 299 2027 Ut
313 1983 367 2026 reu
380 1963 534 2047 Alfrcdus
547 1964 657 2028 multos
671 1986 708 2028 ea·
721 1963 854 2029 donidio
867 1965 1033 2049 interfecit.

216 2085 320 2150 Anno
329 2086 471 2150 Domini
485 2104 736 2151 ncccnxxxru
748 2081 931 2152 ⁴nefandus
943 2089 1117 2153 exercitus
1130 2104 1155 2143 8
1158 2103 1184 2144 1>
1194 2105 1240 2144 888

167 2204 381 2267 paganorum
405 2187 441 2249 in
466 2187 552 2250 duas
580 2206 618 2250 se
644 2194 775 2250 turmas
803 2186 972 2264 dividens,
989 2206 1060 2251 una
1081 2154 1261 2293 indczlffir

169 2285 350 2348 Franciam
374 2287 529 2362 secessit,
554 2286 666 2349 altera
684 2305 767 2350 vero
793 2285 830 2348 in
856 2285 1014 2350 Cantiam
1038 2287 1116 2350 red·

167 2384 241 2446 iens
270 2383 485 2447 Roliensium
513 2384 690 2449 civitatem
716 2384 871 2464 obsedit3
900 2385 960 2448 sed
983 2386 1116 2450 civibus

166 2481 312 2547 viriliter
326 2483 600 2566 repugnantibus
617 2481 780 2547 Aliredus
795 2485 1041 2566 superveniens
1057 2487 1117 2549 ob·

168 2580 336 2645 sidionem
366 2583 525 2646 dissolvit
552 2591 589 2647 et
611 2601 768 2666 paganos
800 2582 844 2647 ad
873 2602 980 2648 naves
1007 2584 1117 2648 redire

166 2682 292 2763 coegit,
314 2682 374 2744 ubi
389 2682 507 2746 multis
524 2682 635 2745 exeis
651 2681 840 2746 intersectis
852 2677 983 2765 ⁵spolia
999 2702 1115 2747 eorum

165 2780 257 2843 inter
283 2800 366 2844 suos
392 2781 642 2845 commilitones
670 2780 854 2844 distribuit.
908 2781 988 2859 Quo
1013 2783 1117 2845 etiam

167 2897 258 2943 anno
284 2880 405 2943 classis
424 2879 540 2944 valida
565 2882 609 2944 ab
626 2878 771 2944 Alsredo
796 2899 877 2961 rege
899 2880 935 2942 in
952 2881 1116 2945 Boot-an-

107 3044 111 3052 ,
166 2979 273 3060 gliam
300 2979 432 3043 directa
464 2979 596 3043 invenit
625 2979 661 3041 in
686 2972 795 3042 ⁶ostio
825 2979 940 3043 Sturee
966 2979 1117 3044 fluminis

167 3077 315 3142 sedecim
341 3097 449 3142 naves
476 3080 677 3161 piratarum,
701 3097 789 3160 quas
819 3077 941 3141 classis
971 3079 1118 3161 praefata

166 3178 292 3241 acriter
304 3177 472 3242 invadens
488 3197 595 3241 naves
611 3197 689 3241 cum
704 3176 826 3259 spoliis
846 3177 1117 3260 comprehendit,

202 3372 549 3446 warmacharium]
567 3379 632 3427 Pro·
691 3375 798 3441 'Spolia
814 3376 916 3440 aarum]
940 3377 1079 3438 consisting
1093 3376 1123 3425 oi

165 3447 242 3509 bably
263 3448 306 3497 the
328 3462 437 3510 passage
460 3449 485 3496 in
504 3447 632 3498 Aelired's
655 3446 697 3496 the
725 3448 853 3509 prisoners
876 3447 936 3509 they
957 3446 1009 3495 hed
1033 3446 1120 3507 taken,

166 3517 267 3579 pressea
286 3522 311 3565 to
328 3517 371 3566 the
382 3517 515 3566 Pastorale
526 3518 556 3567 oi
567 3518 631 3568 Gre·
655 3517 705 3566 end
733 3517 768 3566 all
795 3517 838 3565 the
866 3516 952 3565 horres
980 3515 1040 3577 they
1067 3514 1119 3565 had

166 3602 228 3648 gory
239 3588 262 3636 is
272 3587 332 3636 here
346 3587 465 3637 intended
478 3600 486 3648 ;
504 3587 592 3651 Mser,
603 3603 629 3649 p.
655 3587 764 3650 brought
774 3586 836 3635 with
847 3585 915 3634 them
930 3584 993 3635 irom
1006 3584 1119 3647 Frnnce3

165 3661 206 3707 90.
656 3658 735 3706 Aeser
773 3660 833 3707 .87.

200 3722 211 3755 ¹
225 3727 312 3774 Eodem
323 3724 406 3788 unua]
423 3725 537 3786 omitted,
548 3726 579 3774 L.
690 3722 701 3753 ⁸
714 3671 784 3775 O’stllo
796 3719 902 3792 Stare]
921 3724 1023 3773 Heerne
1034 3724 1120 3773 shows

200 3793 367 3858 ⁸Adrs'anus,]
380 3795 422 3843 the
433 3794 560 3855 tbird;he
571 3795 631 3844 died
656 3794 711 3844 that
732 3795 850 3861 Spelman
869 3808 924 3843 was
943 3793 1068 3842 mistalren
1093 3794 1119 3841 iu

166 3867 193 3914 in
203 3866 245 3915 the
257 3865 403 3927 September
411 3864 440 3913 oi
447 3863 490 3913 the
501 3864 632 3926 following
656 3865 796 3926 snpposlng
813 3865 864 3912 this
881 3869 907 3912 to
923 3863 987 3912 bere
998 3864 1061 3911 been
1077 3863 1120 3911 the

167 3950 238 3996 year.
656 3935 722 3983 river
733 3934 833 3996 Stoure,
844 3935 869 3981 in
882 3934 958 3995 Kent,
969 3933 1019 3980 and
1031 3945 1120 3993 agrees

202 4003 211 4032 ⁴
235 4004 363 4063 Nesundus
388 4001 545 4066 exereitus]
578 4002 632 4050 'l‘he
656 4003 719 4053 with
732 4003 857 4052 Lambard
873 4002 900 4050 in
916 4002 994 4062 dxing
1004 4001 1047 4049 the
1063 4005 1121 4062 spot

166 4079 253 4124 eventa
270 4073 402 4122 contained
419 4074 445 4121 in
460 4073 511 4121 this
527 4072 632 4134 chapter
656 4077 683 4121 at
694 4072 764 4121 what
781 4073 804 4121 is
823 4086 880 4121 now
894 4071 977 4119 called
998 4069 1120 4119 Hnrwich

166 4159 210 4193 are
226 4143 321 4192 related
339 4145 373 4203 by
384 4144 471 4204 Aeser,
482 4141 532 4191 and
554 4141 632 4190 found
657 4143 754 4203 haven3
766 4141 907 4204 Spelmen's
916 4140 961 4188 life
972 4138 1121 4200 olAellred‚

166 4215 220 4263 also
231 4215 257 4262 in
269 4214 311 4261 the
323 4213 407 4261 Sason
419 4212 560 4262 Chronicle.
657 4227 683 4273 p.
695 4216 737 4262 74.
936 4234 942 4246 ·

975 4299 1017 4343 22
