2888 4852
343 378 409 444 230
598 393 730 443 nocnur
758 395 806 442 nn
830 393 1035 442 wennovnn

347 554 428 627 isto,
458 568 559 632 quom
590 549 718 612 dudum
748 549 810 613 tibi
838 549 1022 631 dignanter
1051 548 1210 630 elegisti3
1242 549 1296 613 sin

349 658 464 714 autem
488 648 579 712 mole
602 654 823 732 peccatorum
847 655 1043 712 nostrorum
1070 649 1298 712 exacerbatus

349 750 526 814 nobiscum
543 766 682 812 manere
699 747 863 823 nolueris,
879 766 942 811 nos
959 746 1200 811 devotissimos
1214 766 1298 810 con·

349 849 500 912 viatores
528 846 668 911 habebis
682 847 702 926 3’
726 855 761 910 et
783 866 862 910 cum
878 847 953 930 jam
976 847 1012 939 in
1034 845 1089 909 his
1112 845 1298 929 lachrymis

351 956 386 1012 et
409 945 617 1028 singultibus
639 953 750 1010 totum
776 945 1011 1028 explevissent
1033 945 1196 1022 triduum,
1219 965 1298 1010 ecce

352 1045 504 1129 episcopi
528 1045 708 1109 memorati
728 1046 856 1109 adsunt
874 1052 910 1108 et
932 1044 1097 1109 mandata
1121 1045 1212 1126 regis
1234 1045 1298 1108 im·

352 1146 446 1228 plere
463 1152 644 1208 conantur.
696 1142 852 1226 Cumque
874 1144 980 1207 abbas
1001 1142 1118 1220 Medo,
1134 1143 1192 1225 qui
1215 1151 1298 1207 tunc

353 1243 597 1309 monasterium
624 1243 708 1305 illud
732 1245 886 1324 regebat,
908 1242 1147 1325 episcoporum
1171 1242 1298 1306 adven-

354 1350 426 1407 tum
441 1351 477 1407 et
493 1361 634 1406 causam
657 1343 889 1424 cognovisset,
902 1341 1102 1406 convocatis
1116 1341 1160 1405 ad
1175 1361 1213 1404 se
1226 1340 1297 1405 sra-

354 1442 463 1508 tribus
487 1441 780 1524 congregationis,
802 1441 895 1505 intra
912 1440 1060 1505 vicinam
1087 1441 1179 1505 beati
1202 1439 1299 1504 Petri

354 1541 532 1605 basilicam
549 1560 587 1604 se
603 1559 682 1604 cum
704 1541 754 1605 eis
774 1539 926 1618 reclusit,
941 1539 1000 1603 ubi
1026 1539 1204 1604 solotenus
1218 1560 1300 1622 pro·

354 1641 457 1705 strati
489 1649 524 1704 et
553 1639 739 1722 lachrymis
767 1638 898 1722 perfusi
934 1638 1082 1702 orationi
1113 1639 1298 1703 vacabant.

356 1739 518 1822 Episcopi
535 1758 618 1803 vero
633 1739 798 1822 templum
814 1744 945 1801 sanctae
962 1736 1029 1801 Dei
1052 1738 1229 1819 genitricis
1246 1738 1298 1801 in-

355 1838 478 1920 gressi,
503 1845 583 1901 ante
606 1857 709 1920 qnam
737 1839 781 1901 ad
806 1837 961 1901 tumbam
986 1838 1099 1900 sancti
1122 1836 1300 1901 Benedicti

356 1936 543 2012 venissent,
571 1943 670 2000 tanta
699 1936 879 1999 formidine
901 1944 936 1999 et
961 1936 1122 2000 coecitate
1146 1938 1300 2021 percussi

357 2044 450 2112 sunt,
467 2042 507 2098 nt
522 2054 586 2098 nec
598 2035 746 2099 invicem
765 2055 804 2098 se
826 2054 1071 2117 recognoscere
1087 2035 1300 2118 potuissent3

355 2155 434 2198 cnm
452 2143 567 2198 autem
587 2134 707 2197 divina
718 2135 851 2198 ultione
867 2153 905 2198 se
920 2142 1119 2199 excoecatos
1135 2153 1211 2199 esse
1225 2154 1300 2198 sen-

356 2235 495 2310 sissent,
521 2240 702 2317 coeperunt
715 2233 917 2317 palpitando
938 2254 1001 2317 per
1021 2234 1200 2298 ecclesiam
1223 2253 1301 2317 per·

354 2352 448 2415 gere,
465 2333 579 2414 quoad
595 2333 640 2397 ad
655 2332 755 2396 funes
771 2351 1015 2417 campanarum
1027 2333 1210 2398 errabundi
1223 2353 1301 2416 per.

305 2505 310 2515 ¹
354 2433 550 2510 venissent;
585 2451 673 2514 quos
699 2432 734 2496 vi
761 2451 888 2514 magna
918 2432 1106 2509 trahentes,
1133 2432 1199 2515 [sic
1233 2432 1299 2496 sibi

354 2532 522 2595 auxilium
538 2531 708 2596 advocare
724 2531 942 2596 studuerunt.
993 2530 1083 2596 Haec
1104 2531 1301 2614 audientes]

355 2631 463 2694 abbas
489 2637 525 2694 et
553 2630 690 2708 fratres,
713 2630 832 2713 quiin
855 2631 1012 2695 oratione
1038 2630 1300 2709 decumbebant,

354 2730 786 2815 intraveruntgecclesiam
816 2739 922 2814 atque
951 2731 1131 2814 episcopos
1159 2729 1300 2795 invene-

356 2836 437 2892 runt
464 2829 530 2893 etsi
553 2829 638 2893 nihil
659 2829 840 2908 videntes3
873 2830 997 2912 quibus
1029 2849 1107 2894 cnm
1134 2829 1300 2909 dicerent,

355 2927 472 3006 ‘Quid
499 2929 615 3010 agitis,
653 2927 684 2991 0
719 2928 900 3011 pontifices
909 2927 935 2992 l'
964 2929 1016 2991 illi
1051 2929 1299 3012 respondentes

356 3027 532 3105 dixerunt,
556 3027 654 3091 ‘Nos
674 3027 742 3091 huc
768 3027 948 3091 temerarie
963 3028 1134 3106 venimus,
1155 3035 1195 3092 ut
1217 3031 1299 3094 bea·

356 3135 428 3190 tum
455 3133 588 3209 patrem
616 3126 840 3190 Benedictum
861 3126 905 3190 ad
920 3124 1108 3191 vindictam
1132 3146 1300 3210 provoca.

357 3245 492 3304 remus;
515 3245 569 3289 vae
600 3226 710 3302 nobis,
731 3225 814 3308 qnia
840 3226 1079 3310 peccavimus!
1131 3226 1199 3290 Sed
1223 3248 1298 3308 vos,

356 3325 446 3387 servi
474 3324 553 3401 Dei,
575 3332 672 3389 orate
691 3319 755 3406 pro
778 3326 877 3389 nobis
899 3325 1168 3407 omnipotentem
1185 3327 1299 3392 Deum

356 3431 395 3487 ut
428 3423 562 3505 aperiat
601 3424 732 3502 oculos,
762 3443 894 3507 nosque
925 3424 1025 3488 vobis
1067 3426 1298 3506 promittimus

355 3540 531 3605 nunquam
561 3522 723 3604 deinceps
760 3523 846 3586 talia
882 3525 1177 3607 praesumpturos?
1241 3525 1298 3591 Ad

354 3620 429 3685 haec
447 3621 572 3686 fratres
587 3643 651 3705 pro
670 3624 720 3686 eis
742 3641 821 3687 cnm
839 3622 1025 3705 lachrymis
1047 3623 1193 3706 prolusi,
1206 3627 1298 3690 solo-

355 3726 455 3783 tenus
473 3722 630 3785 nonnulli
647 3723 794 3786 orabant
811 3723 990 3799 attentius
1004 3730 1044 3786 ut
1057 3722 1176 3785 divina
1187 3725 1299 3807 pietas

354 3818 467 3882 lumen
491 3820 541 3883 eis
563 3821 704 3884 reddere
731 3822 952 3904 dignaretur3
987 3830 1022 3885 et
1047 3841 1124 3885 cum
1149 3835 1299 3903 orarent,

354 3920 465 4000 aperti
482 3920 668 3984 suntoculi
686 3941 816 3998 eorum,
839 3927 965 3984 etcum
984 3928 1131 3984 tremore
1148 3925 1300 4008 episcopi

353 4020 532 4083 memorati
549 4019 593 4082 ad
610 4021 751 4103 propria
770 4028 850 4084 sunt
866 4021 1006 4084 reversi.
1059 4021 1189 4086 Eodem
1210 4045 1300 4089 anno
