2888 4852
430 436 568 486 rnonss
591 436 860 487 nrsvonmnuu.
1055 423 1122 488 337

168 590 339 656 facundiae
365 595 573 676 singularis;
603 595 670 672 hic,
691 594 819 659 dudum
844 594 964 658 relicta
990 598 1116 678 patria,
1130 611 1239 702 gorgone·

169 690 212 752 ad
238 701 355 773 partes
372 692 574 758 Gallicanas
596 694 768 758 transiens
785 694 949 758 Carolum
968 693 1116 761 Calvum
1145 673 1212 702 Μ’

167 789 264 868 adiit,
280 799 386 873 atque
411 794 447 856 iu
469 812 596 875 magna
619 795 725 858 abeo
749 793 949 875 dignatione
972 814 1114 878 suscep-

168 896 236 965 tus,
251 889 450 955 individuus
471 911 585 957 comes
601 893 633 956 ei
650 893 764 956 iuerat
779 900 815 956 et
828 912 957 957 mensae
970 902 1006 958 et
1019 896 1114 958 cubi-

167 987 247 1051 culi.
300 988 420 1075 Hujus
444 999 560 1055 autem
582 992 711 1073 ingenii
733 1000 769 1055 et
793 993 946 1056 scientiae
976 995 1112 1075 magni-

167 1086 250 1151 tudo
278 1108 319 1152 ac
348 1090 475 1172 leporis
498 1091 658 1174 exempla
686 1109 794 1172 usque
822 1090 922 1155 hodie
947 1101 1110 1170 manent;

165 1184 348 1252 adsederat
376 1208 525 1272 namque
556 1191 600 1254 ad
629 1209 782 1254 mensam
813 1198 894 1253 ante
922 1211 1037 1271 regem
1066 1212 1111 1256 ex

164 1287 323 1367 opposito
337 1287 392 1352 die
408 1289 570 1372 quadam,
585 1290 656 1366 ubi,
670 1289 883 1371 consumptis
897 1289 1035 1353 ferculis
1050 1311 1111 1373 po-

163 1384 317 1467 culisque
345 1386 627 1465 discurrentibus,
653 1388 800 1452 Carolus
827 1387 940 1452 fronte
968 1388 1111 1454 hilarior

163 1491 218 1547 est
239 1484 394 1552 effectus.
439 1487 520 1551 Rex
548 1487 695 1571 denique
718 1507 797 1551 cum
823 1488 1026 1568 magistrum
1043 1488 1108 1553 Jo-

162 1580 309 1647 hannem
325 1585 467 1651 vidisset
481 1587 642 1669 quiddam
658 1587 783 1668 egisse,
799 1585 891 1669 quod
910 1587 1108 1651 comitatem

163 1679 381 1748 Gallicanam
405 1685 575 1750 offendere
598 1686 783 1763 videretur,
812 1685 1005 1768 increpavit
1029 1705 1108 1750 eum

161 1782 247 1845 satis
272 1784 401 1848 urbane
423 1785 553 1864 dicens,
566 1791 576 1820 ‘
587 1785 611 1848 J
613 1784 779 1860 ohannes,
796 1783 878 1865 quid
894 1783 1002 1848 distat
1017 1785 1109 1848 inter

160 1878 303 1946 Scotum
318 1892 353 1948 et
369 1887 520 1949 sotuml’
572 1884 638 1949 Ille
662 1883 849 1966 respoudit,
864 1891 899 1947 et
914 1882 1004 1947 dixit
1021 1885 1107 1966 regi,

160 1979 309 2045 ‘Mensa
334 1990 470 2047 tantum
484 1984 505 2063 ;’
526 1984 645 2066 sicque
669 1981 835 2063 magister
846 1981 870 2044 J
873 1981 1026 2046 ohannes
1052 2002 1109 2047 so·

159 2077 261 2143 lenne
281 2083 470 2146 convitium
494 2083 612 2146 retulit
628 2083 664 2145 in
686 2088 873 2145 auctorem.
926 2081 1019 2159 Quid
1043 2081 1108 2146 hoc

161 2197 328 2262 responso
355 2181 527 2245 facetius?
579 2180 864 2260 Interrogaverat
886 2199 1034 2263 namque
1064 2179 1107 2244 de

160 2296 294 2342 morum
321 2280 490 2345 differenti
513 2280 628 2345 studio
656 2289 692 2344 et
723 2279 899 2362 respondit
925 2279 949 2342 J
952 2279 1105 2344 ohannes

159 2375 203 2440 de
230 2378 298 2442 loci
333 2379 485 2445 distante
520 2380 659 2463 spatio;
692 2398 755 2443 nec
781 2398 863 2443 vero
894 2398 956 2442 rex
991 2379 1105 2442 verbis

159 2475 236 2559 ejus
261 2487 451 2544 commotus
478 2488 544 2558 est,
567 2480 627 2544 sed
652 2479 768 2561 potius
793 2479 918 2560 ipsum,
943 2497 1018 2541 cum
1044 2477 1107 2541 ad-

159 2578 351 2642 sessoribus
366 2580 450 2657 suis,
468 2578 655 2644 commovit
679 2577 723 2641 ad
746 2577 962 2642 cachinnum.
1015 2576 1106 2641 Item

159 2674 227 2738 alia
250 2677 338 2755 vice,
363 2699 441 2743 cum
465 2680 538 2761 regi
564 2677 763 2743 convivanti
789 2676 945 2739 minister
965 2676 1105 2758 quidam

159 2775 314 2856 patinam
328 2778 522 2855 obtulisset,
539 2797 618 2860 quae
636 2776 722 2840 duos
743 2776 854 2857 pisces
872 2774 1105 2856 praegrandes,

159 2873 296 2958 adjecto
313 2877 504 2941 minusculo
521 2896 604 2953 nno,
618 2875 829 2950 continebat,
845 2873 938 2938 dedit
951 2872 1009 2936 ille
1032 2891 1105 2936 ma-

159 2974 270 3054 gistro
290 2974 457 3054 Johanni,
479 2984 519 3040 ut
546 2974 681 3039 duobus
710 2973 843 3037 clericis
873 2972 917 3035 ad
952 2991 1106 3035 mensam

158 3075 434 3139 recumbentibus
463 3075 684 3139 distribueret
712 3079 974 3155 competentem
1007 3079 1106 3136 erant

160 3173 250 3236 enim
271 3174 383 3255 pisces
407 3176 583 3238 immensae
607 3170 855 3254 magnitudinis
879 3179 915 3234 et
933 3172 1007 3253 ipse
1033 3189 1105 3234 ma·

159 3271 268 3353 gister
294 3272 474 3338 Johannes
502 3273 657 3355 corporis
686 3271 862 3353 perexilis.
913 3269 1014 3334 Tunc
1035 3270 1106 3347 ille,

158 3372 217 3453 qui
231 3391 367 3455 semper
378 3373 514 3438 honesti
528 3371 658 3455 aliquid
676 3370 999 3434 comminiscebatur
1015 3368 1106 3433 unde

157 3469 315 3535 laetitiam
355 3473 611 3537 convivantium
648 3470 829 3545 excitaret,
862 3470 1005 3533 retentis
1040 3469 1106 3532 sibi

158 3568 292 3633 duobus
313 3572 466 3654 piscibus
490 3571 691 3654 majoribus,
707 3587 814 3632 unum
829 3568 996 3631 minorem
1018 3566 1105 3632 dno·

157 3669 221 3731 bns
257 3670 390 3735 clericis
424 3670 544 3747 dedit;
581 3675 748 3750 arguente
780 3685 863 3749 rege
903 3668 1107 3749 magistrum

156 3767 366 3848 Johannem,
393 3769 484 3854 quod
514 3789 582 3833 non
606 3787 704 3850 ecque
729 3767 840 3849 pisces
862 3765 1107 3842 distribuisset,

156 3869 346 3951 respondit,
375 3869 518 3945 ‘Bene’
551 3867 674 3950 inquit,
705 3871 763 3931 ‘et
793 3862 892 3947 oeque
924 3864 1106 3944 distribui;

156 4082 187 4131 ed
199 4043 395 4142 ulsoErigena3
411 4077 453 4125 the
468 4076 527 4125 date
538 4074 567 4123 oi
579 4073 620 4121 his
647 4072 816 4132 Mulmsbury,
831 4069 876 4120 lib.
888 4085 913 4118 v.
930 4070 962 4117 de
981 4070 1112 4117 Pontifici·

156 4151 232 4201 death
254 4151 276 4200 is
298 4154 341 4198 not
363 4148 466 4197 known.
500 4143 555 4193 The
574 4143 621 4192 iol·
646 4143 704 4190 bus.
751 4141 799 4190 See
820 4140 863 4190 Jo.
880 4139 948 4188 Scot.
970 4139 1002 4187 de
1025 4138 1109 4188 Divis.

154 4223 249 4284 leving
274 4223 382 4269 account
409 4219 431 4266 is
459 4215 536 4264 taken
559 4213 621 4263 iram
649 4207 964 4272 Nat.ed.Ga1e,incalc.
976 4207 1084 4258 Praeiat.

207 4312 285 4359 vor..
305 4311 330 4359 1.
939 4299 958 4343 Ζ
