2888 4852
423 437 562 486 rnonns
585 435 857 485 ursronranuu.
1057 423 1121 487 165

165 593 266 671 lavit,
295 594 426 660 anxilio
455 595 565 661 fultus
597 595 737 672 Immin,
767 594 879 659 Eabbi
910 602 946 659 et
978 596 1121 662 Edberti

166 693 306 772 ducum,
330 694 520 780 ejectisque
542 715 564 760 a
586 715 695 778 regno
718 696 928 761 Merciorum
952 697 1120 761 ministris

169 794 291 871 Oculi,
305 794 391 859 lines
412 815 495 861 snos
517 797 619 860 simul
634 804 669 860 et
686 796 880 860 libertatem
903 804 1120 879 receperunt.

168 893 306 958 Habuit
331 903 447 960 autern
473 904 553 979 post
574 895 776 961 Tonberum
799 896 981 979 episcopus
1001 891 1119 961 'darn-

167 1014 261 1071 man,
290 994 465 1060 ceaddam
493 1003 529 1060 et
543 994 766 1074 Winlridum,
791 995 852 1079 qni
878 1016 940 1080 per
964 997 1119 1061 ordinem

168 1094 204 1158 in
222 1094 356 1160 Meroia
367 1096 556 1180 episcopali
570 1094 682 1161 officio
698 1095 940 1178 fungebantur.

218 1193 325 1259 Anno
358 1197 483 1279 matis>
515 1212 665 1261 ucuvnr.
699 1195 893 1274 Kinewalc,
933 1216 995 1260 rex
1030 1197 1243 1305 occi-wia

169 1293 359 1360 dentalium
381 1295 572 1375 Saxonum,
594 1296 776 1361 rebellavit
791 1304 913 1360 contra
930 1296 1119 1362 Britannos
1131 1268 1263 1368 diffisis.

169 1395 264 1478 apud
287 1388 478 1475 ²Pennnm,
514 1397 575 1461 sed
611 1396 773 1461 Britones
808 1396 956 1479 primum
984 1396 1120 1480 Anglos

169 1494 425 1578 aliquantulum
454 1497 679 1580 repulerunt3
723 1504 796 1561 tum
831 1496 993 1561 Britones
1027 1505 1123 1581 post-

170 1596 310 1660 modnm
331 1595 483 1680 fatigati,
505 1617 601 1662 more
623 1597 713 1662 nivis
739 1596 929 1680 liquefacta
952 1606 1006 1662 est
1023 1598 1122 1663 furti·

171 1695 256 1762 tudo
270 1715 400 1775 eorum,
419 1704 454 1762 et
469 1697 583 1780 fugati
604 1705 687 1762 sunt
710 1717 732 1761 a
750 1696 872 1761 Penno
894 1716 1004 1780 usque
1029 1698 1122 1762 Pen-

170 1795 323 1874 dredam,
340 1806 375 1862 et
389 1796 483 1863 sacta
499 1806 669 1881 estsuper
682 1797 882 1881 progeniem
900 1797 1001 1864 Bruti
1019 1799 1124 1882 plaga

170 1895 374 1961 insanabilis
387 1898 423 1961 in
439 1898 495 1963 die
511 1898 584 1962 illa.

511 2073 673 2159 aaaron
681 2094 783 2159 popa.

230 2193 337 2260 Anno
362 2196 486 2278 gratiae
511 2213 638 2262 ncurx.
666 2190 863 2279 ’Eugenius
890 2196 980 2260 sedit
1007 2196 1042 2260 in
1065 2216 1245 2260 cnr-rnen.

174 2295 296 2361 thedra
310 2295 471 2361 Romana
490 2299 591 2361 annis
616 2298 763 2374 duobus,
789 2296 963 2360 mensibus
987 2316 1123 2373 novem,
1136 2267 1245 2368 ξοᾛωω

173 2395 293 2460 diebus
310 2396 436 2478 viginti
450 2396 598 2475 duobus,
613 2406 648 2463 et
663 2397 813 2463 cessavit
828 2396 927 2460 sedes
949 2398 1124 2462 mensibus

171 2496 318 2562 dnobus.

329 2671 418 2737 Nota
432 2669 621 2735 miraculum
636 2669 673 2734 de
687 2678 791 2734 suado
806 2669 968 2754 Dionysio.

224 2795 330 2862 Anno
361 2798 485 2879 gratie
516 2811 627 2859 ncnx.
657 2788 873 2859 4Clodoveus
906 2815 970 2860 rex
998 2812 1247 2876 corpusrnao.

174 2898 267 2962 beati
284 2897 446 2980 Dionysii
462 2894 718 2978 discooperiens
733 2895 856 2978 cupide
878 2903 913 2959 et
936 2895 1049 2958 minus
1072 2914 1126 2958 re-
1138 2866 1231 2907 'm'

175 2999 299 3080 ligiose
326 3016 366 3062 oe
392 2995 524 3062 brachii
556 2994 660 3077 fregit
682 3003 718 3060 et
742 2994 869 3078 rapuit,
897 2996 957 3059 sed
983 3014 1066 3058 mox
1088 2993 1124 3057 in

175 3097 358 3163 amentiam
373 3096 495 3161 incidit
512 3102 690 3160 aeternam.

226 3197 331 3265 Anno
372 3197 497 3279 gratiae
534 3211 661 3260 ncuxl.
695 3193 877 3259 Kinewalc
917 3213 980 3258 rex
1006 3193 1124 3258 West·
1139 3217 1248 3258 anna

174 3317 345 3364 saxonum
359 3296 540 3362 rebellavit
555 3303 677 3360 contra
688 3295 885 3360 Wlsherum
897 3313 1011 3375 regern
1032 3292 1125 3356 Mer·
1137 3267 1263 3368 gmon

176 3399 305 3465 ciorum
318 3418 328 3478 3
354 3397 416 3463 sed
438 3397 514 3480 ipse
529 3403 675 3479 paterna
689 3395 817 3460 virtute
831 3402 866 3459 et
880 3394 1020 3458 fortuna
1042 3411 1125 3456 usus
1137 3368 1256 3459 iiiffuu‘

175 3498 370 3583 praevaluit,
400 3516 482 3580 rege
513 3514 651 3579 quoque
672 3495 961 3560 west-saxonum
991 3494 1126 3575 fugato,

212 3695 374 3759 'durand
398 3694 441 3744 lle
458 3693 518 3743 died
537 3694 564 3742 in
579 3696 638 3753 667,
699 3685 852 3748 'Pennum.]
874 3689 938 3751 Pen,
950 3689 976 3737 in
991 3689 1127 3738 somerset-

175 3767 248 3819 Cedd
266 3768 292 3816 in
309 3770 369 3826 676,
385 3764 435 3813 aud
455 3763 565 3812 Wiut‘rid
582 3776 637 3810 was
663 3759 739 3809 shire.

175 3837 288 3900 deposed
308 3835 371 3883 born
393 3832 434 3882 his
456 3832 583 3895 bishopric
603 3832 638 3891 by
697 3826 869 3893 'aegeum
887 3829 930 3878 lle
947 3827 1007 3877 died
1024 3826 1128 3878 accord-

174 3906 305 3957 'l'beodore
322 3903 475 3964 arobbisbop
489 3903 518 3951 of
534 3901 637 3952 Canter-
663 3900 707 3963 ing
717 3904 743 3948 to
756 3900 823 3962 Pagi
833 3915 866 3948 on
878 3903 890 3948 l
900 3900 1033 3950 Junecsv.
1051 3899 1128 3947 Wen-

175 3981 249 4041 bury,
266 3974 403 4037 according
421 3977 447 4021 to
465 3973 596 4032 Flureuce,
612 3972 639 4018 in
664 3970 742 4018 duver
763 3969 809 4018 has
831 3969 948 4019 followed
970 3969 1086 4032 sigebert
1101 3969 1127 4016 in

177 4054 243 4110 6753
259 4049 306 4097 but
324 4046 359 4107 by
376 4043 520 4093 wendover
538 4042 579 4090 his
596 4041 640 4090 de·
664 4040 767 4104 placing
790 4040 830 4089 his
852 4041 997 4090 succession
1024 4040 1050 4086 in
1077 4039 1128 4087 this

177 4120 285 4181 position
307 4118 330 4165 is
352 4114 442 4178 placed
465 4114 491 4162 in
513 4112 555 4162 tha
579 4126 641 4174 year
665 4126 735 4172 year.

176 4189 322 4251 preceding.
366 4186 414 4236 See
433 4184 512 4248 Angl.
534 4184 604 4234 Sacr.
623 4183 641 4232 i.
683 4178 712 4299 ἀ*
726 4181 858 4231 clodoveus
869 4180 936 4245 rea]
953 4180 987 4228 So
1006 4178 1130 4240 Sigebert,

176 4274 202 4321 p.
215 4262 272 4309 426.
667 4266 683 4300 a
711 4265 752 4300 an.
