2888 4852
433 441 572 490 nnonus
596 442 866 492 nrsronmnun.
1058 423 1123 489 267

487 670 617 735 Carolus
631 671 808 756 imperator.

221 791 325 858 Anno
335 793 477 859 Domini
488 812 606 860 nccc1.
618 788 783 861 ¹Carolus
797 815 860 860 rex
874 814 1034 878 magnus,
1044 816 1123 861 cum
1135 811 1153 850 Α
1134 811 1286 910 ΛΨ»

171 894 208 956 in
230 895 314 957 urbe
333 893 448 959 Roma
468 895 627 977 plurima,
646 914 724 977 quae
750 896 794 959 ad
817 894 982 960 honorem
999 895 1067 960 Dei
1089 862 1242 960 etism.

172 993 359 1058 utilitatem
381 994 501 1077 populi
520 996 737 1077 spectabant,
753 995 1020 1078 disposuisset,
1009 1015 1047 1059 ιιι
1069 995 1125 1060 dic

172 1093 365 1157 Dominicae
379 1093 586 1171 nativitatis,
601 1113 679 1158 cum
696 1094 853 1171 ducibus,
864 1095 1125 1176 magistratibus

173 1199 209 1256 et
223 1192 390 1257 militibus
402 1200 438 1257 et
453 1195 554 1257 turba
567 1211 695 1275 magna
709 1194 823 1272 nimis,
834 1193 1013 1261 basilicam
1028 1194 1125 1277 priu-

171 1292 259 1375 cipis
283 1293 520 1374 apostolorum
542 1292 638 1357 Petri
662 1293 867 1375 ingreditur,
889 1294 949 1357 ubi
971 1314 993 1358 a
1015 1292 1126 1358 domi·

173 1410 218 1455 no
244 1410 337 1475 papa
355 1392 471 1456 Leone
496 1411 650 1475 purpura
671 1393 782 1473 regali
808 1393 976 1470 induitur,
997 1412 1126 1458 corona

173 1509 279 1554 aurea
300 1492 408 1574 capiti
430 1492 506 1575 ejus
530 1491 731 1574 imponitur,
754 1498 790 1556 et
812 1492 929 1574 regale
951 1499 1126 1575 sceptrum

173 1591 206 1654 ei
228 1591 265 1653 in
286 1592 445 1655 manibus
469 1592 591 1671 datnr3
624 1590 714 1656 banc
738 1591 945 1673 dignitatem
971 1592 1049 1675 ipsa
1070 1591 1126 1656 die

175 1697 294 1754 tantus
319 1691 508 1774 imperator
536 1699 572 1755 et
604 1690 897 1772 magnificentiam
924 1692 1126 1773 promeruit,

175 1796 214 1853 ut
226 1790 416 1872 imperator
430 1791 538 1854 totius
554 1791 647 1854 orbis
658 1798 842 1855 vocaretur
852 1798 888 1855 et
904 1799 1008 1855 esset.
1041 1789 1126 1872 Ipso

175 1908 313 1971 qnoque
337 1897 492 1972 tempore
521 1889 642 1953 directi
673 1897 756 1953 sunt
782 1888 985 1955 Graecorum
1019 1888 1127 1971 legati

174 2007 253 2053 cnm
273 1989 386 2052 xeniis
408 1988 695 2071 impretiabilibus
717 1990 761 2052 ab
776 1990 861 2052 urbe
877 1989 1126 2054 Constantino·

174 2088 331 2172 politaua
345 2088 390 2151 ad
401 2087 577 2165 Car-olum,
588 2095 753 2172 rogantes
767 2089 967 2166 instantius,
985 2096 1024 2152 ut
1039 2088 1125 2153 illud

174 2187 355 2270 imperium
377 2189 552 2271 suscipere
577 2187 800 2270 dignaretur3
830 2188 908 2253 istis
931 2195 1050 2253 autem
1076 2188 1127 2253 lo-

173 2288 265 2370 gatis
282 2287 395 2351 adhuc
417 2287 646 2370 praesentibus
668 2288 713 2351 ab
732 2286 987 2372 Hierosolymis
1004 2287 1127 2354 directi

174 2394 258 2451 sunt
274 2387 388 2451 nuntii
399 2406 421 2450 a
435 2387 573 2470 populis
586 2386 805 2465 Christianis,
820 2387 954 2452 clericis
964 2387 1127 2453 videlicet

173 2494 209 2551 et
223 2486 334 2564 laicis,
344 2486 390 2551 ad
401 2486 565 2550 Carolnm
582 2505 693 2569 nuper
706 2487 947 2571 imperatorem
959 2494 1126 2565 creatum,

175 2586 342 2650 vexillum
368 2593 572 2669 argenteum
595 2587 670 2669 regi
696 2587 787 2650 inter
814 2587 884 2651 alia
911 2606 1056 2651 munera
1076 2586 1127 2651 fe-

172 2693 300 2762 rentes,
309 2705 388 2750 oum
404 2685 562 2750 clavibus
575 2684 729 2751 locorum
744 2686 1041 2751 sanctissimorum
1052 2686 1126 2752 Do·

174 2786 309 2850 minicae
332 2786 593 2850 resurrectionis
616 2792 652 2849 et
675 2786 820 2850 aliorum
844 2785 1043 2863 multorum,
1064 2786 1127 2851 ob-

176 2885 292 2949 nixius
307 2885 520 2967 flagitantes,
534 2893 574 2950 nt
589 2903 707 2948 eorum
720 2885 880 2949 defensor
896 2891 933 2949 et
955 2886 1126 2968 gnbema·

173 2992 229 3050 tor
244 3005 320 3050 esse
334 2985 547 3068 dignaretur.
600 2980 736 3049 Annuit
751 2985 939 3068 imperator
952 2985 1126 3068 piissimus

172 3087 331 3149 omnibns
354 3085 397 3149 ad
420 3104 459 3148 se
480 3083 761 3165 confugientibus
781 3085 873 3167 quod
896 3086 1073 3168 petebant,
1090 3091 1127 3149 et

174 3204 244 3249 non
260 3185 372 3248 solnm
387 3203 424 3248 se
439 3182 512 3248 fore
529 3191 690 3267 paratum
708 3183 752 3247 ad
768 3184 999 3248 devincendos
1014 3184 1126 3255 crucis

172 3284 331 3348 inimicos
354 3283 647 3360 internanarum
666 3284 770 3346 etiam
789 3283 877 3347 etin
897 3284 997 3361 mari,
1012 3285 1043 3348 si
1064 3303 1125 3348 ne·

173 3384 317 3447 cessitas
332 3382 577 3465 compulisset;
605 3382 779 3446 intellexit
795 3382 888 3446 enim
907 3384 1028 3448 beatas
1049 3403 1126 3448 asse

174 3483 386 3566 respublicas
403 3482 457 3547 vel
475 3481 506 3545 si
520 3481 700 3565 sapientiae
714 3481 861 3546 studiosi
876 3501 937 3546 eas
954 3491 1126 3565 regerent,

173 3584 228 3647 vel
251 3584 282 3646 si
307 3602 424 3646 earum
452 3589 605 3646 rectores
629 3581 768 3646 studere
791 3581 972 3664 sapientiae
994 3582 1125 3647 voluis-

174 3690 262 3747 sent.
314 3681 450 3746 Deinde
476 3681 520 3745 ad
544 3682 664 3746 urbem
683 3681 887 3746 Ravennam
910 3682 1126 3764 perveniens,

173 3782 215 3846 de
255 3782 355 3845 rebus
382 3780 558 3864 praediotis
587 3801 667 3846 cnm
693 3782 919 3863 optimatibus
947 3781 1020 3846 suis
1047 3780 1126 3844 dili·

172 3888 293 3964 genter
309 3881 484 3945 tractavit.

209 4154 333 4276 ’ξωνοὶιιι
354 4172 400 4206 rex
420 4159 544 4235 magara]
576 4157 701 4220 Compare
722 4158 848 4207 Baronins
864 4156 915 4205 and
932 4156 956 4205 le
975 4156 1075 4218 cointe,
1092 4154 1125 4204 ad

174 4243 216 4276 an.
