2888 4852
322 392 388 457 158
583 406 717 455 nonani
743 406 789 454 nn
812 404 1020 454 waunoven
1144 460 1150 471 ὀ

322 564 415 648 quod
430 566 553 630 beatus
568 553 785 647 evangelista
799 562 823 628 J
825 563 980 627 ohannes
992 563 1028 626 in
1044 562 1203 627 omnibus
1218 581 1276 626 cc·

321 666 436 730 clesiis
458 665 582 749 quibus
598 672 747 747 praeerat
768 663 897 746 legitur
911 661 1130 727 celebrasse!
1168 661 1275 726 Cum·

322 785 389 848 que
417 765 492 829 haec
512 772 548 829 et
569 763 766 850 hujusmodi
791 763 850 826 diu
878 763 1075 845 allegasset,
1089 761 1273 826 Wilfridns

322 867 514 950 presbyter,
539 885 621 948 rege
637 865 784 949 jubente
813 871 854 928 ut
875 863 1017 941 diceret,
1047 862 1099 928 ita
1124 881 1273 927 exorsus

322 966 384 1042 ait,
398 970 408 1000 ‘
422 964 560 1030 Pascha
583 964 674 1049 qnod
694 963 852 1041 facimus,
871 962 1035 1040 Romani,
1052 961 1148 1040 Itali,
1163 960 1273 1040 Galli,

323 1063 439 1130 Gracci
460 1085 501 1132 ac
526 1064 731 1130 universalis
757 1063 904 1128 ccclesia
926 1083 988 1146 per
1004 1063 1122 1128 orbem
1143 1080 1272 1145 usquc·

322 1184 460 1248 quaque
476 1165 602 1230 diffusa
618 1164 846 1228 communiter
860 1164 1034 1240 observat,
1049 1169 1177 1246 practer
1192 1161 1273 1227 Pic-

321 1272 389 1344 t08,
411 1265 535 1330 Scotos
558 1273 593 1329 ct
616 1264 817 1341 Britannos,
842 1263 901 1347 qui
922 1271 1047 1349 contra
1074 1270 1186 1327 totum
1215 1281 1272 1327 or-

321 1365 399 1429 bem
416 1366 524 1431 stulto
546 1365 665 1430 labore
686 1361 917 1444 contendunt3
946 1382 1025 1428 cum
1041 1362 1131 1426 enim
1149 1361 1270 1441 Patro,

321 1466 556 1548 apostolorum
583 1464 742 1549 principi,
765 1464 935 1528 Dominus
958 1463 1099 1539 diceret,
1124 1461 1206 1526 ‘Tu
1232 1481 1271 1526 es

323 1565 450 1630 Petrus
463 1574 499 1631 st
512 1585 617 1649 super
631 1566 719 1628 hanc
733 1573 866 1647 petram
888 1563 1068 1628 aedificabo
1089 1562 1271 1628 ecclesiam

322 1685 432 1731 meam
457 1673 493 1731 ot
513 1672 623 1749 porta
642 1664 827 1729 inferorum
848 1684 918 1729 non
946 1664 1185 1748 praevalebunt
1207 1662 1271 1727 ad-

322 1785 442 1830 versus
464 1786 553 1845 eam,
578 1773 614 1829 et
636 1765 699 1830 tibi
715 1765 806 1829 dabo
823 1764 940 1829 claves
962 1762 1061 1846 regni
1077 1762 1241 1828 caelorum
1251 1760 1272 1844 3'

322 1865 539 1948 praeserrene,
563 1864 764 1942 colmanne,
787 1872 906 1947 patres
928 1872 1065 1928 nostros
1094 1863 1214 1928 Pictos
1237 1871 1273 1928 ot

322 1964 452 2048 Scotos
472 1966 618 2049 principi
640 1964 875 2048 apostolorum
898 1971 1009 2045 potos,
1026 1964 1082 2027 cui
1099 1964 1272 2028 Dominus

323 2067 476 2147 regimen
491 2065 663 2148 generalis
680 2064 835 2129 ecciesiae
850 2063 1062 2128 concessitt'
1113 2061 1272 2129 Audiens

323 2174 438 2230 autem
464 2167 533 2230 ista
560 2186 635 2242 rex,
663 2165 725 2242 ait,
756 2164 920 2229 ‘Verane
948 2170 1042 2241 sunt,
1068 2161 1273 2242 colmanne,

322 2284 401 2347 quae
425 2265 508 2331 dicit
535 2264 761 2330 Wiisridust’
811 2264 862 2329 At
885 2263 957 2342 ille,
978 2262 1108 2341 ‘Vera
1133 2262 1272 2329 domine

183 2400 206 2429 a
233 2399 282 2430 ono
325 2363 411 2429 rex!
462 2364 523 2429 ‘Si
547 2371 692 2448 uterque
713 2371 867 2429 vestrum
899 2364 935 2427 in
964 2363 1030 2430 hoc
1056 2364 1272 2444 consentitis,

181 2451 211 2480 ”¹
238 2466 258 2484 '·
325 2465 417 2548 quod
432 2464 506 2529 haec
521 2464 756 2547 principaliter
771 2464 878 2529 Petro
900 2462 993 2529 dicta
1014 2470 1108 2543 sunt,
1125 2484 1191 2547 ego
1208 2484 1271 2530 vo·

324 2565 378 2628 bis
405 2565 494 2642 dico,
518 2566 601 2648 quia
620 2564 675 2629 hic
697 2572 751 2629 est
767 2563 943 2642 ostiarius,
956 2564 1013 2628 cui
1036 2564 1272 2631 contradicens

325 2664 426 2744 noio;
458 2664 518 2729 sed
544 2665 580 2728 iu
605 2672 774 2746 quantum
799 2663 900 2729 valeo
923 2664 1015 2728 illius
1038 2664 1177 2730 obedire
1198 2673 1272 2731 sta-

325 2764 410 2829 tutis
427 2766 540 2848 cupio,
566 2784 609 2828 ne
630 2764 732 2841 sorte,
746 2765 907 2829 veniente
929 2783 984 2830 me
1006 2764 1050 2828 ad
1064 2763 1156 2830 foros
1170 2766 1269 2848 regni

324 2867 484 2942 caeiestiS,
500 2885 570 2929 non
585 2865 632 2928 sit
640 2866 701 2947 qui
715 2872 856 2942 reseret,
866 2882 990 2930 averso
1002 2865 1063 2929 illo
1081 2866 1141 2948 qui
1155 2865 1271 2930 claves

324 2972 441 3029 tenere
463 2958 652 3049 probatur.’
704 2964 794 3028 Hacc
811 2985 893 3047 rege
913 2965 1059 3042 dicente,
1074 2965 1220 3031 clevatis
1234 2967 1271 3030 in

323 3065 446 3129 caelum
469 3065 640 3141 manibus,
654 3063 815 3129 faverunt
830 3064 1029 3129 adsidentes
1045 3071 1092 3142 et,
1109 3064 1272 3130 abdicata

323 3166 436 3229 minus
452 3164 605 3248 perfecta
620 3164 848 3242 institutione,
863 3164 907 3228 ad
925 3184 968 3229 ea
988 3184 1077 3242 sese,
1098 3184 1178 3248 quae
1199 3186 1272 3231 me·

322 3264 412 3329 liora
429 3264 863 3342 noverant,·contulerunt.

431 3437 522 3500 Tadu
538 3437 811 3522 Lioda’ssorrososis
825 3438 980 3523 episcopos
994 3437 1170 3503 ordinatur.

163 3587 216 3627 an.
227 3588 273 3628 aa.
373 3560 477 3626 Anno
494 3562 617 3643 gratiae
634 3579 782 3627 ncnxrv.
794 3556 1044 3627 ¹Erconbertus
1059 3583 1122 3627 rex
1137 3565 1222 3629 obiit
1237 3575 1275 3632 ct

162 3637 311 3738 wione
324 3661 497 3743 Egbertus
515 3661 606 3725 filius
621 3662 697 3746 ejus
719 3662 754 3725 in
777 3682 919 3745 regnum
934 3661 1069 3726 Cantiae
1092 3667 1271 3731 successit.

324 3760 454 3825 Eodem
485 3781 576 3826 anno
608 3760 832 3839 Colmannus,
862 3763 1045 3845 episcopus
1078 3761 1270 3830 Lindissar·

323 3862 452 3939 nensis,
469 3881 547 3927 cum
571 3862 644 3926 suis
670 3861 713 3926 ad
734 3860 887 3926 Scotiam
911 3881 1070 3926 reversus
1088 3871 1153 3942 est,
1170 3865 1273 3951 cujus

355 4142 365 4177 ¹
387 4146 578 4210 Erconbertaa]
603 4146 645 4196 He
666 4147 725 4196 died
751 4151 781 4196 14
807 4147 1062 4211 berhtinsulyots.
1099 4150 1269 4214 Pagi,sdan.

320 4217 384 4279 July
395 4221 454 4278 664,
461 4217 511 4266 aad
522 4216 563 4266 his
574 4231 705 4266 successor
715 4217 783 4279 Βοκ-
807 4222 866 4280 664,
876 4218 890 4282 §
902 4223 942 4269 la.
