2888 4852
419 429 557 478 neonus
580 429 851 478 ursroaranun.
1048 413 1114 477 509

166 596 309 653 tuerunt
338 589 498 653 comitem
526 588 619 651 illius
650 585 838 670 provinciae
864 579 1114 666 ¹Mercberum,

167 688 274 751 filium
291 687 415 769 Algari
441 689 603 763 consulis,
624 688 697 769 regi
721 687 933 764 nuntiantes,
949 687 1040 770 quod
1063 688 1116 770 ip-

167 808 243 850 sum
278 789 314 851 in
346 788 512 852 comitatu
544 788 786 866 confirmaret3
820 787 912 869 quod
943 807 1021 851 cum
1052 806 1115 850 rex

169 887 382 951 Eadwardus
404 888 596 965 annuisset,
622 886 765 950 Tostins
790 906 873 950 mox
900 906 977 949 cum
1005 906 1114 949 uxore

167 1007 232 1050 sua
254 988 290 1050 in
315 987 515 1052 Flaudriam
538 987 678 1050 divertit
701 986 743 1049 ad
767 985 927 1050 comitem
945 986 1117 1050 Baldewi·

168 1106 262 1162 num,
294 1094 330 1150 et
361 1088 453 1170 apud
492 1093 650 1151 sanctum
686 1083 924 1150 Audomarum
960 1085 1117 1168 hyemem

169 1187 349 1266 transegit.

256 1357 306 1423 Dc
320 1357 508 1424 dedicatione
524 1358 703 1423 monosterii
719 1354 799 1423 boati
815 1357 909 1423 Polro'
925 1366 1016 1423 cotra

550 1457 739 1523 Loadooioa

218 1581 323 1646 Auno
347 1583 487 1647 Domini
511 1599 641 1646 aruxvl.
659 1602 722 1645 rex
737 1580 930 1662 Anglorum
955 1581 1119 1646 Eadwar·
1131 1604 1253 1646 aunon.

169 1682 246 1759 dus,
278 1683 313 1746 in
346 1682 530 1748 nativitate
561 1683 715 1760 Domini,
737 1681 868 1746 curiam
899 1701 998 1746 suam
1026 1680 1118 1765 apud
1130 1655 1276 1751 difidit..

168 1781 517 1847 westmonasterium
540 1782 651 1847 tenuit
673 1789 708 1846 et
725 1781 917 1858 ecclesiam,
933 1801 1038 1864 quam
1055 1801 1118 1844 ex·
1130 1754 1226 1845 idib.

168 1888 224 1944 tra
243 1883 362 1945 urbem
379 1882 634 1946 Londoniarum
649 1901 671 1944 a
686 1881 918 1945 fundamentis
933 1889 1118 1945 construx-

170 1988 257 2057 erat,
274 1981 310 2044 in
333 1981 388 2045 die
405 1990 603 2046 sanctorum
622 1980 875 2057 Innocentium,
895 1981 931 2043 in
954 1980 1119 2045 honorem

170 2082 281 2144 sancti
306 2081 403 2145 Petri
427 2082 663 2163 apostolorum
690 2080 866 2163 principis,
889 2098 968 2143 curn
993 2099 1121 2161 magna

172 2180 284 2261 gloria
301 2174 468 2245 ²dedicari
487 2181 589 2258 fecit3
614 2181 675 2244 sed
699 2181 789 2244 inter
807 2179 1003 2263 hujusmodi
1025 2180 1120 2243 dedi·

172 2279 320 2343 cationis
338 2279 464 2345 festiva
487 2280 655 2356 solennia,
672 2287 707 2344 et
722 2286 816 2356 ante,
832 2279 922 2342 idem
939 2298 1002 2343 rex
1020 2278 1119 2360 gravi

173 2379 373 2443 infirmitate
400 2380 561 2446 detentus
590 2380 715 2443 fuerat.
768 2378 957 2460 Ingruente
988 2380 1120 2455 morbo,

175 2478 264 2543 lecto
284 2479 457 2557 decubuit,
474 2481 510 2545 iu
529 2499 599 2563 quo
623 2499 700 2544 cum
723 2498 785 2561 per
808 2479 949 2542 biduum
972 2477 1121 2559 elinguis

174 2585 209 2642 et
233 2579 333 2661 quasi
360 2579 529 2644 exanimis
556 2580 736 2662 jacuisset,
764 2576 820 2642 die
850 2578 954 2641 tertia
976 2578 1072 2642 velut
1100 2596 1122 2642 a

174 2685 285 2741 morte
310 2679 548 2754 resuscitatus,
570 2678 724 2759 graviter
752 2684 787 2740 et
812 2676 982 2759 profunde
1009 2676 1121 2759 suspi-

173 2795 253 2839 rans
268 2777 329 2854 ait,
344 2770 372 2810 ³‘
387 2777 507 2853 Deus,'
522 2776 646 2859 inquit,
666 2781 676 2810 ‘
689 2776 920 2858 omnipotens,
935 2775 966 2838 si
984 2796 1052 2839 non
1068 2783 1124 2841 est

174 2876 290 2940 illusio
320 2876 553 2959 phantastica,
580 2876 639 2939 sed
669 2874 758 2939 visio
784 2893 880 2951 vera,
908 2892 1013 2956 quarn
1039 2875 1122 2952 vidi,

175 2976 324 3039 concede
345 2976 428 3039 mibi
452 2976 651 3039 facultatem
674 2993 750 3040 eam
773 2973 991 3038 adstantibus
1014 2994 1122 3056 expo-

176 3074 291 3151 nendi,
319 3075 385 3152 vel,
416 3076 446 3138 si
474 3075 691 3139 econtrario
716 3074 762 3137 sit
791 3073 892 3149 falsa,
923 3072 1007 3136 milri
1038 3093 1123 3156 rogo

174 3175 375 3239 facultatem
406 3175 590 3238 subtrahas
620 3173 786 3239 referendi
799 3171 819 3252 ;'
850 3173 910 3237 sed
941 3193 1024 3238 mox
1048 3192 1124 3236 ora-
1191 3218 1194 3224 ·

177 3274 270 3337 tione
303 3273 414 3351 finita,
443 3274 604 3356 expedite
637 3274 722 3337 satis
759 3279 794 3336 et
825 3280 944 3354 aperte
977 3273 1123 3354 loquens

176 3371 278 3449 dixit,
301 3374 449 3449 ‘Duosss
467 3374 591 3456 inquit,
608 3374 733 3437 ‘modo
750 3371 938 3437 monachos
954 3372 1024 3437 vidi
1039 3371 1123 3436 mihi

176 3472 356 3551 adsistere,
384 3492 472 3557 quos
499 3471 699 3536 adolescens
730 3472 811 3536 olim
843 3472 880 3537 iu
905 3471 1124 3537 Normanuia

174 3573 327 3638 videram
349 3572 606 3655 religiosissime
628 3573 758 3637 vixisse
780 3580 816 3637 et
832 3571 1124 3638 christianissime

211 3784 401 3856 'Meroberum.]
413 3790 421 3817 ‘
431 3785 566 3851 Morkera,'
574 3791 635 3839 sn.
660 3803 728 3849 upon
739 3788 781 3837 the
788 3788 935 3837 foundation
941 3789 971 3837 of
978 3791 1005 3837 S.
1015 3788 1125 3850 Peter’a

175 3859 270 3911 Chron.
290 3860 324 3908 ad
342 3874 384 3908 an.
403 3863 483 3920 10643
504 3860 636 3909 ‘Marche
661 3858 1126 3918 Weatmmster,areprintadbySpel-

174 3930 249 3990 rum,'
285 3928 460 3990 Huntlngdon.
511 3927 636 3991 Compara
660 3927 873 3988 mau,Coucil.p.
886 3930 942 3976 627.

176 4000 295 4048 Malmab.
307 4014 334 4059 p.
347 4001 403 4048 843.
540 4029 543 4037 ·
694 3994 800 4058 ”Deua
820 3995 910 4059 inquit,
937 3993 1124 4060 concinam]

209 4066 634 4131 ¹Dedicoriseoit.]Sosax.Chron.
661 4064 786 4128 Compara
803 4066 962 4126 Malmabury
973 4065 1024 4114 md
1035 4065 1125 4114 Ailrad

174 4139 225 4189 and
241 4139 284 4187 the
298 4144 357 4188 reat.
395 4138 518 4199 Comum
528 4138 635 4199 Tyr-rell,
661 4137 738 4185 abbot
748 4135 777 4185 of
790 4135 963 4198 Rievaulx,in
977 4134 1017 4184 hir
1033 4134 1079 4185 life
1096 4135 1126 4185 of

174 4210 192 4258 i.
210 4225 237 4271 p.
255 4213 296 4260 03.
329 4208 384 4256 'l'lre
403 4207 514 4257 clrertern
530 4208 634 4271 bearing
663 4205 801 4256 Eadward.
