2888 4852
417 419 556 468 anonas
581 420 848 470 ursronranuu.
1040 407 1106 472 235

156 576 391 661 expulerunt3
423 597 492 660 quo
520 578 626 654 iacto,
656 578 810 642 unanimi
835 578 988 643 omnium
1021 598 1104 643 con·

156 697 261 741 sensu
291 676 493 759 praedictum
523 676 636 740 Offam
676 677 712 739 in
743 696 859 758 regem
890 686 960 741 tam
991 678 1218 789 clerusppdpua

157 795 261 859 quam
279 776 427 859 populus
442 784 662 840 coronarunt.
709 775 796 839 Erat
812 774 902 839 enim
918 776 1009 840 idem
1027 777 1106 841 Offa
1180 774 1185 786 '

158 876 201 939 de
225 876 333 957 stirpe
358 895 477 957 regum
509 875 689 950 oriundus,
720 875 812 938 iilius
836 875 997 939 videlicet
1022 875 1107 939 Tin·

158 974 261 1050 forth,
286 975 345 1056 qui
371 976 436 1038 suit
469 974 609 1051 Eadulf‚
634 975 693 1056 qui
723 973 790 1037 luit
813 974 927 1051 Osulf‚
951 974 1011 1058 qui
1043 976 1107 1039 suit

160 1073 305 1156 Eoppae‚
331 1074 389 1155 qui
416 1073 646 1151 fuitwibbae,
673 1073 733 1155 qui
758 1073 824 1136 suit
844 1073 1024 1151 Creoddae,
1048 1074 1108 1156 qui

160 1172 226 1236 suit
249 1171 456 1248 Kinewoldi‚
481 1173 541 1254 qui
561 1171 804 1249 fuitCnebbae,
827 1172 886 1254 qui
913 1172 980 1237 luit
1003 1173 1108 1250 Ithel,

160 1271 219 1353 qui
249 1271 315 1335 suit
344 1271 481 1346 Eomor,
509 1271 568 1353 qui
598 1271 663 1335 suit
697 1268 931 1352 Angelthean,
955 1273 1016 1354 qui
1043 1271 1109 1336 suit

163 1369 263 1447 Offae,
287 1371 346 1451 qui
366 1370 432 1434 suit
448 1370 685 1447 Waremundi,
700 1371 759 1451 qui
782 1370 848 1435 suit
866 1371 1034 1452 Withleg,
1048 1372 1109 1452 qui

161 1469 228 1532 luit
246 1469 397 1550 Wagon‚
422 1469 482 1550 qui
506 1469 572 1533 fuit
596 1468 841 1551 Frethegeath,
863 1470 923 1552 qui
943 1469 1009 1535 luit
1023 1470 1108 1533 Wo-

161 1568 239 1632 den.
293 1568 358 1632 Isti
379 1568 626 1632 dedicaverunt
642 1568 776 1650 antiqui
795 1576 955 1650 quartam
977 1569 1110 1646 seriam,

162 1687 241 1750 quae
268 1667 521 1730 ‘Wodnesdai'
541 1667 756 1751 appellatur;
783 1667 882 1750 cujus
907 1687 998 1731 uxor
1021 1668 1112 1731 Frea

165 1766 242 1844 fuit,
253 1767 309 1831 cui
325 1766 569 1830 dedicaverunt
583 1767 717 1848 antiqui
735 1774 872 1830 sextam
887 1766 1020 1843 leriam,
1031 1786 1110 1849 quae

164 1865 321 1930 ‘Fridai’
352 1873 584 1948 nuncupatur.
644 1865 781 1929 Woden
816 1885 898 1929 vero
924 1865 990 1929 suit
1020 1865 1111 1930 iilius

168 1964 400 2037 Frethewold‚
415 1965 475 2046 qui
499 1964 566 2028 suit
584 1964 734 2042 Freolai,
749 1964 810 2047 qui
831 1965 897 2029 luit
921 1964 1112 2041 Frithewlt

165 2065 224 2146 qui
241 2064 307 2127 luit
325 2062 477 2140 Godwlf,
499 2065 559 2146 qui
579 2064 645 2128 suit
667 2062 802 2128 Geatae.
855 2063 962 2128 Hunc
983 2064 1113 2127 dudum

166 2163 296 2246 pagani
327 2183 391 2245 pro
416 2164 493 2227 Deo
521 2165 789 2240 venerabantur,
817 2163 917 2247 cujus
940 2162 1113 2241 Sedulius,

167 2270 271 2344 poeta
294 2262 454 2339 eximius,
479 2261 515 2324 in
542 2263 698 2346 paschali
725 2262 876 2327 carmine
905 2263 1114 2328 mentionem

167 2361 308 2438 faciens,
323 2362 373 2426 ita
387 2381 532 2425 exorsus
550 2371 625 2441 est3

227 2485 319 2544 ‘Cum
334 2504 385 2542 sua
398 2485 517 2561 gentiles
532 2485 663 2543 studeant
677 2485 811 2563 figmenta
824 2496 914 2563 poetae

247 2581 434 2639 Grandisonis
449 2601 582 2659 pompare
595 2582 696 2652 modis,
711 2582 875 2659 tragicoque
888 2583 984 2654 boatu,

248 2676 417 2735 Ridiculove
430 2677 513 2736 Getae
528 2697 577 2735 seu
591 2677 715 2755 qualibet
728 2685 790 2735 arte
804 2678 940 2748 cauendi,'
955 2688 1009 2737 etc.

220 2812 314 2877 Geta
331 2820 446 2876 autem
468 2812 534 2875 suit
558 2812 649 2876 filius
664 2812 829 2891 Cethwae,
843 2813 904 2895 qui
925 2814 991 2880 suit
1007 2816 1117 2891 Beau,

172 2913 230 2990 qui
247 2912 311 2976 fuit
327 2912 475 2987 Seldwa,
490 2909 549 2992 qui
575 2911 641 2975 suit
658 2911 847 2991 Heremod,
862 2915 922 2996 qui
946 2915 1013 2979 suit
1028 2915 1118 2979 Iter-

172 3013 263 3089 mod,
279 3012 338 3094 qui
356 3011 422 3074 fuit
436 3009 565 3086 Hatra,
579 3010 638 3092 qui
651 3011 718 3074 fuit
733 3011 851 3089 Wala,
869 3014 929 3095 qui
945 3014 1010 3077 suit
1025 3013 1116 3077 Bed-

173 3113 229 3189 wi,
243 3112 302 3194 qui
324 3110 390 3173 luit
411 3109 502 3187 Sem,
517 3110 578 3192 qui
599 3110 666 3173 fuit
683 3109 774 3187 Noe,
791 3112 850 3192 qui
872 3112 939 3176 luit
954 3112 1117 3189 Lamech,

174 3212 233 3293 qui
249 3210 315 3274 suit
330 3209 529 3286 Matusalae,
547 3208 608 3289 qui
623 3209 689 3272 suit
704 3209 836 3287 Enoch,
847 3211 907 3292 qui
920 3209 987 3275 suit
1004 3211 1117 3276 Mala·

173 3310 250 3387 leel,
264 3309 325 3391 qui
343 3308 408 3371 suit
422 3307 569 3385 Cainan,
584 3308 645 3390 qui
659 3308 726 3371 luit
741 3307 847 3386 Enos,
864 3309 924 3390 qui
940 3309 1008 3374 suit
1022 3310 1118 3388 Seth,

173 3410 232 3493 qui
260 3409 326 3472 suit
341 3405 467 3485 Adam,
489 3426 591 3489 quem
615 3407 802 3490 plasmavit
825 3409 996 3473 Dominus
1021 3411 1119 3475 Deus

172 3508 311 3573 delimo
328 3514 441 3570 terrac.
493 3505 573 3570 uffa
599 3507 706 3588 igitur
726 3525 788 3569 rex
804 3508 962 3572 omnibus
979 3508 1119 3591 Angliae

174 3608 312 3689 regibus
338 3605 460 3670 terrori
485 3613 561 3669 erat
580 3612 616 3668 et
644 3605 781 3685 timori3
808 3606 892 3670 vicit
913 3627 1062 3692 namque
1083 3609 1119 3673 in

174 3706 295 3790 praelio
325 3724 441 3787 regem
467 3704 765 3782 cantuariensem,
787 3725 902 3787 regem
924 3707 1120 3772 occidenta-

174 3807 259 3871 lium
284 3805 475 3882 Saxonum,
503 3824 618 3886 regem
645 3804 1042 3885 Northanhumbrorum‚
1066 3827 1120 3871 rc·

176 3926 254 3988 garn
285 3904 488 3968 australium
531 3903 723 3980 Saxonum,
755 3923 870 3985 regem
903 3906 1120 3971 orientalium

178 4004 385 4087 Anglorum,
409 4011 456 4079 et,
485 4003 575 4067 sicut
605 4004 747 4067 interius
779 4003 912 4068 dicetur
939 4006 1122 4089 prolixius

177 4105 312 4169 caeteris
331 4104 468 4185 regibus
482 4102 677 4185 subjugatis
693 4098 748 4167 vel
769 4103 958 4168 tributariis
980 4105 1124 4181 effectis,

179 4204 387 4268 Marciorum
402 4222 545 4284 rognum
559 4223 627 4267 non
644 4200 862 4269 mediocriter
876 4204 1046 4270 dilatavit.
