2888 4852
347 417 369 480 2
729 429 924 477 rnonocus.

349 586 528 670 legislator
554 587 590 650 in
613 586 759 650 historia
782 586 912 664 divina,
938 586 1170 650 innocentiam
1198 584 1301 662 Abel,

351 687 439 752 Cain
468 686 645 764 invidiam,
677 687 932 769 simplicitatem
965 686 1048 764 Job,
1080 686 1299 751 dolositatem

352 788 459 864 Esau,
483 788 651 851 malitiam
677 785 835 850 undecim
865 786 1014 850 liliorum
1046 787 1170 863 Israel,
1200 786 1298 849 boni-

352 895 460 952 tatem
490 886 696 964 duodecimi,
718 886 849 951 scilicet
865 886 888 950 J
892 887 1011 969 oseph,
1033 906 1173 970 poenam
1199 886 1300 969 quin-

352 1006 421 1070 que
450 987 630 1052 civitatum
652 1006 714 1069 per
735 987 1030 1069 consumptionem
1058 988 1149 1068 ignis
1171 995 1207 1051 et
1229 985 1300 1050 sul-

352 1086 472 1171 phuris
487 1087 698 1163 manifestat,
721 1094 893 1169 quatenus
919 1088 1027 1151 bonos
1058 1088 1243 1163 imitemur,
1265 1094 1302 1150 et

353 1187 522 1250 malorum
537 1206 613 1250 esse
633 1204 798 1269 sequaces
816 1187 953 1269 penitus
969 1187 1158 1266 evitemus;
1185 1195 1222 1251 et
1234 1186 1299 1250 hoc

354 1307 424 1351 non
461 1287 571 1349 solum
605 1285 736 1364 Moses,
767 1285 827 1349 sed
858 1294 894 1350 et
924 1305 1043 1350 omnes
1075 1286 1202 1350 divinae
1238 1306 1299 1368 pa-

355 1386 447 1468 ginae
469 1386 667 1469 scriptores,
685 1393 721 1449 et
742 1387 777 1448 in
799 1385 973 1450 historicis
999 1385 1089 1451 etin
1112 1386 1299 1452 moralibus

354 1486 452 1549 libris
477 1485 621 1562 iaciunt,
647 1485 794 1550 virtutes
823 1486 1107 1564 commendando,
1133 1487 1220 1550 vitia
1241 1486 1301 1550 de·

355 1585 527 1663 testando,
546 1585 658 1649 Deum
685 1604 801 1649 amare
823 1605 887 1649 nos
909 1585 1095 1650 admonent
1119 1594 1154 1650 et
1168 1587 1301 1651 timere.

358 1683 439 1749 Non
452 1692 534 1748 sunt
544 1685 652 1766 igitur
662 1684 835 1761 audiendi,
846 1685 907 1768 qui
919 1686 1168 1750 Chronicorum
1184 1687 1301 1763 libros,

356 1792 392 1848 et
414 1784 566 1848 maxime
588 1803 610 1848 a
633 1784 812 1849 catholicis
827 1786 951 1863 editos,
966 1786 1087 1850 dicunt
1102 1804 1178 1850 esse
1190 1787 1301 1868 negli-

356 1883 500 1967 gendos,
515 1904 578 1965 per
593 1904 680 1967 quos
703 1885 868 1967 quicquid
890 1885 1050 1950 humanae
1064 1886 1243 1968 sapientiae
1266 1896 1301 1952 et

356 1984 463 2048 saluti
484 1983 714 2048 necessarium
740 1991 805 2061 est,
828 2005 890 2066 per
915 1986 1113 2050 memoriam
1136 1986 1303 2065 invenire,

356 2103 419 2166 per
432 2083 697 2164 intelligentiam
724 2102 945 2165 cognoscere,
967 2094 1003 2151 et
1024 2106 1086 2169 per
1107 2086 1302 2151 facundiam
1373 2107 1381 2123 ·

357 2181 522 2266 proferre,
535 2184 711 2247 studiosus
725 2184 843 2248 valeat
859 2186 1054 2268 indagator.

409 2282 647 2365 Distinguitur
668 2290 783 2347 antem
806 2284 872 2349 hoc
900 2305 987 2368 opus
1010 2287 1047 2349 in
1073 2285 1170 2350 libris
1194 2288 1302 2368 gemi-

359 2383 425 2461 nis,
460 2402 607 2465 qnorum
642 2384 774 2466 primus
807 2386 958 2449 breviter
995 2386 1071 2467 agit
1105 2385 1148 2449 de
1180 2385 1302 2451 Veteri

357 2481 584 2547 Testamento
621 2482 747 2546 divinae
785 2483 872 2566 legis
909 2505 970 2567 per
1008 2486 1160 2568 quinque
1195 2487 1303 2552 seculi

359 2590 481 2647 aetates
519 2602 628 2665 usque
666 2583 711 2647 ad
750 2583 943 2648 Salvatoris
978 2584 1176 2662 adventum,
1213 2588 1304 2652 sicut

358 2682 532 2747 distinctae
562 2691 689 2747 sunta
718 2683 917 2765 legislatore
945 2685 1058 2762 Mose,
1090 2685 1215 2750 additis
1249 2708 1303 2752 re-

358 2802 441 2865 gum
467 2783 647 2864 gentilium
678 2791 714 2847 et
742 2784 926 2848 eorundem
955 2805 1139 2866 regnorum
1168 2805 1305 2852 succes·

358 2882 525 2960 sionibus,
542 2884 616 2947 sine
633 2884 759 2966 quibus
781 2884 839 2948 lex
856 2884 974 2949 divina
987 2884 1134 2950 describi
1151 2905 1219 2949 non
1242 2908 1305 2971 po-

357 2983 427 3047 tuit
439 2991 684 3066 competenter.
730 2982 824 3048 Nam
842 2984 956 3049 Lucas
972 2986 1188 3068 evangelista
1200 3007 1306 3052 evan-

358 3083 487 3164 gelium
522 3082 652 3148 Christi
687 3084 837 3148 scribere
870 3084 1080 3163 desiderans,
1114 3098 1305 3154 memorato

359 3180 499 3248 Tiberio
519 3183 659 3247 Caesare
682 3192 718 3248 ct
740 3184 879 3265 regibus
894 3185 1053 3250 Judaicae
1071 3188 1197 3268 gentis,
1216 3209 1303 3271 quo·

359 3300 435 3345 rnm
465 3281 539 3346 dies
568 3291 606 3347 et
636 3283 716 3346 anni
740 3285 874 3348 cunctis
901 3294 1001 3350 erant
1026 3287 1219 3366 notissima,
1246 3290 1305 3354 de-

359 3383 499 3465 scripsit
526 3390 565 3446 ut
595 3381 766 3446 adventus
794 3382 986 3449 Salvatoris
1013 3384 1057 3449 ad
1087 3386 1243 3453 homines
1270 3400 1306 3456 et

360 3501 479 3564 opera,
504 3501 583 3564 quae
611 3483 656 3546 ab
682 3482 875 3550 humilitate
902 3485 1097 3550 habuerunt
1125 3488 1305 3570 originem,
1369 3556 1373 3567 ,

361 3600 424 3664 per
438 3600 480 3645 ea
495 3601 574 3665 quae
595 3584 745 3664 superba
760 3582 897 3649 fuerant
918 3594 954 3650 et
975 3587 1134 3650 omnibus
1157 3593 1305 3670 notoria,

361 3680 405 3744 ad
431 3681 590 3745 notitiam
610 3683 762 3746 omnium
787 3683 1000 3764 devenirent,
1024 3695 1059 3751 et
1080 3686 1146 3751 hoc
1167 3690 1304 3771 quidem

360 3799 481 3844 omnes
507 3781 578 3845 iere
610 3782 736 3847 divinae
765 3786 903 3867 paginae
935 3787 1121 3868 scriptores
1151 3787 1305 3856 fecerunt

360 3881 475 3944 causis
512 3890 548 3946 et
576 3882 767 3947 rationibus
800 3886 1019 3967 supradictis.
1082 3885 1170 3969 Agit
1200 3892 1304 3955 etiam

360 3979 447 4044 liber
458 3982 629 4045 secundus
644 3983 748 4067 hujus
765 3986 878 4066 operis
894 3985 936 4050 de
950 3987 1054 4050 Novo
1067 3986 1305 4070 Testamento,

359 4079 419 4162 qui
441 4082 485 4144 ab
503 4082 741 4148 incarnatione
757 4083 886 4149 Christi
903 4094 939 4150 et
952 4088 1137 4152 nativitate
1156 4090 1231 4173 ejus
1247 4111 1305 4156 su-

358 4180 421 4245 mit
431 4180 566 4246 initium
583 4182 766 4255 distinctus
782 4205 843 4268 per
858 4203 968 4250 annos
983 4187 1175 4254 Dominieae
1192 4191 1305 4256 incar-
