2888 4852
350 423 415 486 400
598 439 731 488 aonam
758 441 805 487 on
830 440 1038 489 wnunovon

350 597 533 661 Wentanae
566 599 661 661 urbis
700 600 894 680 episcopus,
931 598 990 681 qui
1023 597 1168 662 eundem
1200 596 1300 661 Dun-

348 707 486 762 stanum
510 698 738 764 monachatus
760 707 796 762 et
818 698 1076 782 presbyteratus
1099 697 1219 762 ordine
1240 697 1301 761 de-

348 808 542 875 coraverat,
569 800 613 862 ab
640 798 705 862 hoc
725 799 841 863 seculo
866 799 1048 881 migravit3
1075 799 1131 862 cni
1154 818 1217 861 rex
1235 818 1297 862 vo·

347 897 422 962 lens
439 900 628 982 subrogare
643 899 878 976 Dunstannm,
901 918 963 982 per
983 899 1150 980 reginam,
1164 898 1298 962 scilicet

347 1007 492 1063 matrem
510 1018 620 1076 suam,
633 1018 738 1081 super
754 998 807 1061 his
828 998 925 1062 illum
948 999 1127 1077 convenit;
1151 998 1195 1062 ad
1221 997 1297 1062 haec

346 1098 416 1177 ille,
430 1105 440 1133 ‘
454 1098 580 1181 Rogo,'
594 1099 718 1180 inquit,
739 1098 911 1176 ‘domina,
923 1098 966 1162 de
992 1099 1150 1182 precibus
1176 1097 1296 1182 hujus-

346 1199 439 1263 modi
469 1218 617 1276 cessare,
648 1199 761 1262 scions
792 1216 846 1261 me
875 1199 995 1262 diebus
1020 1197 1124 1280 regiS,
1146 1198 1208 1262 tilii
1230 1200 1294 1275 tui,

346 1300 544 1380 pontificem
580 1318 649 1363 non
675 1298 853 1375 futurum}
880 1298 969 1363 dixit
995 1307 1111 1362 autem
1143 1298 1217 1362 haec
1240 1299 1303 1362 vir.

347 1399 415 1463 Dei
444 1419 560 1482 regem
593 1398 754 1480 diligens,
783 1398 883 1482 cujus
924 1397 1077 1462 consiliis
1110 1398 1297 1472 sacerdotii

346 1518 452 1564 cansa
467 1500 578 1563 noluit
588 1499 728 1577 deesse;
743 1498 804 1562 sed
820 1498 978 1581 sequenti
992 1506 1093 1562 nocte
1105 1499 1171 1562 sibi
1180 1499 1293 1563 visum

345 1606 411 1677 est,
420 1620 458 1663 se
473 1599 620 1664 Romam
637 1599 762 1662 adiisse
778 1606 825 1675 ct,
841 1597 993 1662 adoratis
1004 1598 1182 1681 apostolis,
1197 1598 1292 1663 illico

344 1699 483 1764 domum
495 1699 636 1763 rediisse
647 1719 656 1779 3
668 1717 815 1781 cumque
826 1698 870 1762 ad
884 1698 1040 1763 Montem
1051 1698 1168 1780 gandii
1179 1699 1292 1781 appli-

343 1800 484 1877 cuisset,
501 1819 580 1864 ecoe
596 1806 737 1862 sanctus
754 1798 879 1862 Petrus
895 1818 973 1862 cum
995 1798 1162 1881 apostolis
1181 1798 1293 1864 Paulo

343 1907 379 1963 et
393 1899 534 1964 Andrea
546 1899 707 1975 occurrit,
722 1898 850 1980 singuli
866 1897 1021 1980 singulos
1035 1899 1171 1981 gladios
1185 1918 1291 1963 manu

343 2006 500 2064 tenentes
517 2008 552 2064 et
574 2000 606 2063 ei
628 1998 801 2081 protensis
824 1999 982 2063 manibus
1001 1998 1194 2063 offerentes
1246 1999 1291 2064 In

342 2099 458 2181 gladio
483 2101 595 2164 sancti
622 2098 718 2163 Petri
735 2100 902 2182 scriptum
926 2098 1004 2175 suit,
1030 2098 1095 2163 ‘In
1119 2100 1290 2182 principio

342 2208 418 2264 erat
429 2199 593 2276 verbum,'
602 2207 638 2263 et
648 2199 755 2281 gladii
767 2206 965 2264 sanctorum
983 2198 1085 2263 Pauli
1096 2197 1291 2264 etAndreae

341 2301 489 2383 propriis
506 2299 699 2365 nominibus
714 2307 812 2363 erant
834 2299 1010 2382 inscripti;
1034 2306 1117 2363 tunc
1135 2300 1165 2362 ei
1188 2318 1290 2364 sanc·

343 2406 400 2464 tus
427 2400 553 2464 Petrus
576 2399 754 2482 apostolus
776 2399 903 2463 blande
924 2399 1047 2464 cecinit
1069 2399 1291 2478 modulando,

342 2500 493 2564 ‘Tollite
515 2501 640 2583 jugum
664 2519 778 2562 meum
807 2519 1006 2581 supervos,
1037 2508 1072 2564 et
1104 2499 1288 2564 invenietis

341 2601 493 2684 requiem
518 2600 698 2663 animabus
725 2599 872 2676 vest1·is‚'
904 2599 1027 2662 deinde
1055 2599 1150 2662 illum
1183 2618 1288 2681 argu-

341 2700 443 2778 endo,
459 2701 606 2782 virgam,
624 2719 728 2783 qnam
748 2702 899 2776 tenebat,
914 2699 1056 2775 levavit,
1073 2708 1108 2763 et
1125 2699 1193 2762 levi
1215 2701 1287 2763 ictu

341 2801 376 2864 in
392 2802 509 2884 palma
522 2800 746 2883 percutiendo
760 2799 861 2876 dixit,
877 2799 981 2863 ‘Hoc
996 2799 1122 2862 habeas
1138 2819 1289 2863 commo-

340 2902 502 2966 nitorium
527 2901 570 2964 de
596 2900 739 2964 ulterius
765 2919 832 2962 non
855 2898 1045 2963 recusando
1067 2899 1193 2983 jugum
1212 2900 1286 2964 Do·

342 3001 449 3065 mini’
501 2999 557 3064 Ad
574 3001 648 3065 haee
666 3000 834 3081 evigilans
849 3001 903 3063 vir
918 3000 997 3075 Dei,
1021 2999 1094 3081 regi
1118 3019 1218 3063 mane
1233 3000 1286 3063 vi-

339 3101 469 3164 sionem
494 3101 613 3165 rctulit
628 3100 832 3179 admiranti3
860 3099 915 3163 cui
933 3119 1007 3176 rex,
1024 3098 1137 3162 ‘Cum
1154 3099 1285 3182 gladii,’

338 3202 463 3283 inquit,
482 3207 592 3283 ‘quos
617 3220 661 3263 ex
692 3199 883 3281 apostolica
903 3199 1067 3281 largitate
1092 3199 1286 3284 suscepisti,

338 3310 548 3365 armaturam
576 3301 760 3382 designant
780 3299 929 3383 Spiritus
954 3299 1085 3376 Sancti,
1108 3301 1198 3364 scias
1223 3320 1286 3382 pro

337 3408 432 3464 certo
460 3422 521 3483 per
546 3400 698 3482 gladium
725 3399 832 3476 Petri,
850 3400 954 3463 verbo
980 3399 1045 3462 Dei
1071 3400 1285 3482 inscriptum,

338 3499 653 3583 archiepiscopatus
673 3501 844 3581 dignitate
868 3499 1001 3562 caelitus
1024 3507 1058 3562 te
1074 3499 1285 3576 donandum,

337 3619 400 3682 per
416 3600 568 3681 gladium
581 3599 695 3676 Pauli,
705 3599 894 3682 simplicem
910 3600 1158 3681 episcopatum,
1174 3610 1209 3665 et
1224 3620 1286 3681 per

337 3699 490 3781 gladium
503 3699 665 3776 Andreae,
679 3700 785 3764 alium
801 3699 1023 3782 praesulatum
1038 3699 1119 3782 jure
1139 3708 1173 3763 te
1195 3701 1286 3781 regi-

336 3799 438 3865 minis
455 3800 677 3882 possessum.'
729 3799 821 3863 Nam
836 3806 958 3881 postea
970 3799 1077 3882 juxta
1093 3800 1216 3864 somnii
1232 3800 1285 3862 in·

336 3901 617 3983 terpretationem
634 3899 918 3963 cantuariensem
931 3900 1022 3964 rexit
1040 3899 1231 3976 ecclesiam,
1247 3900 1283 3962 in

335 4001 472 4064 nominc
502 4009 632 4064 sanctae
659 3999 842 4063 Trinitatis
872 3998 1077 4076 dedicatam,
1107 3999 1282 4062 Londoni-

335 4120 451 4165 ensem
478 4100 513 4163 in
539 4101 676 4164 nomine
703 4099 817 4176 Pauli,
838 4107 873 4163 et
897 4097 1094 4163 Roffcnsem
1125 4100 1161 4160 in
1190 4099 1282 4162 beati

335 4199 484 4265 Andreae
498 4201 636 4266 nomine
654 4206 900 4264 consecratam.
