2888 4852
424 437 561 485 neonus
586 435 854 484 ursronmnuu.
1052 421 1116 485 241

163 591 386 669 Francorum,
413 593 650 676 frequentibus
677 592 790 656 xeniis
822 594 969 656 amicum
1000 595 1113 659 facere

159 692 306 754 curavit.
360 691 496 755 Inimici
516 703 631 756 autem
650 700 753 755 antea
776 699 873 756 erant
891 692 1111 770 adinvicem,

161 789 210 853 ita
239 800 277 854 ut
305 791 340 854 in
364 792 541 856 alterutris
576 793 691 874 regnis
721 792 825 855 etiam
855 793 1109 872 negotiatorum

159 883 371 954 commeatus
396 892 579 973 utrobique
597 890 881 973 prohiberentur;
905 891 966 954 sed
989 912 1033 954 ex
1052 886 1108 956 ¹li-

159 989 241 1051 teris
267 989 383 1053 Caroli
408 992 536 1073 magni,
566 991 777 1054 Francorum
796 991 900 1071 regis,
922 991 1012 1054 inter
1029 1011 1107 1055 eum

159 1094 194 1150 et
212 1087 324 1152 Offam
351 1090 485 1153 firmum
506 1091 667 1154 amicitiae
684 1089 796 1153 soedus
820 1089 925 1153 fuisse
949 1110 1107 1172 compac-

161 1196 233 1250 tum
250 1190 443 1253 ostenditur
459 1189 636 1253 evidenter
650 1210 658 1268 ;

220 1287 401 1366 ‘carolus
445 1290 512 1353 Dei
557 1290 673 1370 gratia
712 1308 773 1351 rex
818 1287 1030 1354 Francorum
1070 1298 1106 1354 et
1118 1304 1202 1396 llll
1199 1309 1224 1346 os

158 1385 476 1468 Longobardorum,
502 1398 538 1452 et
569 1389 735 1470 patricius
759 1387 1007 1466 Romanorum,
1031 1390 1105 1454 viro
1118 1415 1201 1456 mano·

156 1488 353 1550 venerando
383 1496 418 1552 et
444 1489 543 1553 iratri
571 1489 761 1564 carissimo,
788 1486 875 1551 Offae
904 1490 978 1570 regi
1010 1488 1105 1553 Mer·

157 1586 300 1664 ciorum,
323 1587 479 1652 salutem.
534 1587 651 1651 Primo
678 1588 809 1669 gratias
833 1587 969 1667 agimus
994 1588 1104 1651 omni-

157 1687 290 1766 potenti
306 1688 382 1751 Deo
405 1688 448 1750 de
470 1687 651 1752 catholicae
674 1687 753 1750 fidei
774 1687 984 1762 sinceritate,
1000 1707 1104 1768 quam

157 1784 376 1850 laudabiliter
393 1787 517 1850 vestris
539 1788 676 1869 paginis
701 1786 886 1867 reperimus
912 1795 1103 1851 exaratam.

159 1884 213 1948 De
242 1886 431 1968 peregrinis
458 1906 552 1962 vero,
577 1887 637 1967 qui
667 1906 730 1967 pro
754 1903 871 1948 amore
894 1884 961 1949 Dei
989 1893 1024 1949 et
1046 1904 1103 1949 sa-

157 1983 229 2047 lute
256 1986 447 2049 animarum
473 2005 626 2064 suarum,
656 1986 834 2049 beatorum
867 1985 1103 2066 apostolorum

156 2081 275 2148 limina
308 2086 403 2149 adire
433 2085 640 2162 desiderant,
666 2105 743 2149 eum
780 2103 865 2166 pace
899 2084 973 2148 sine
1010 2087 1103 2150 omni

157 2185 417 2266 perturbatione
448 2186 590 2262 vadant,
627 2185 687 2248 sed
720 2185 750 2248 si
782 2184 890 2266 aliqui
921 2205 991 2248 non
1022 2184 1103 2247 reli·

157 2283 252 2364 gioni
285 2287 486 2362 servientes,
521 2285 581 2348 sed
616 2285 713 2348 lucra
746 2291 932 2361 sectantes
970 2285 1103 2348 inveni·

156 2391 260 2447 antur
292 2384 382 2449 inter
413 2404 484 2462 eos,
522 2384 607 2448 locis
640 2384 844 2466 opportunis
870 2386 1003 2448 statuta
1033 2385 1104 2447 sol-

158 2490 243 2547 vant
263 2484 420 2563 telonea;
448 2485 682 2565 negotiatores
705 2502 842 2565 quoque
869 2483 1040 2562 volumus,
1065 2492 1106 2549 ut

155 2600 199 2644 ex
228 2583 391 2647 mandato
416 2591 533 2648 nostro
561 2583 789 2666 patrocinium
812 2582 963 2648 habeant
987 2585 1022 2646 in
1049 2603 1103 2648 re·

156 2681 296 2762 gimine,
324 2691 359 2746 et
379 2684 409 2746 si
431 2685 466 2746 in
490 2682 609 2763 aliquo
632 2683 708 2747 loco
742 2682 872 2765 injusta
903 2683 1104 2764 affligantur

157 2782 390 2864 oppressione,
408 2782 595 2846 reclament
611 2802 649 2845 se
671 2782 715 2846 ad
736 2801 799 2845 nos
814 2783 869 2846 vel
891 2790 1029 2846 nostros
1045 2782 1105 2863 ju·

158 2878 262 2958 dices,
288 2889 324 2944 et
347 2882 485 2965 plenam
508 2882 587 2944 inde
604 2882 803 2964 jubebimus
822 2881 996 2964 justitiam
1019 2879 1103 2944 lieri.

158 2978 356 3060 Cognoscat
380 3001 517 3063 quoque
540 2980 678 3045 dilectio
695 2989 822 3055 vestra,
839 2980 928 3061 quod
953 2979 1105 3060 aliquam

156 3079 405 3161 benignitatem
423 3080 466 3143 de
484 3080 678 3145 dalmaticis
705 3081 832 3143 nostris
856 3079 910 3143 vel
927 3078 1042 3160 palliis
1060 3078 1104 3142 ad

156 3178 311 3259 singulas
328 3179 427 3243 sedes
443 3180 658 3262 episcopales
681 3178 778 3259 regni
796 3181 914 3256 vestri,
931 3178 984 3242 vel
1007 3179 1105 3259 regni

158 3280 248 3359 regis
256 3272 449 3343 ²Atbelredi
459 3279 659 3354 direximus,
669 3272 821 3358 ³reccpta
832 3297 875 3340 ex
888 3279 1107 3359 eleemosyna

157 3377 286 3441 domini
299 3399 400 3461 papae
417 3379 574 3455 Adriani,
597 3379 833 3460 deprecantes,
849 3384 888 3440 ut
903 3396 965 3458 pro
989 3396 1030 3439 eo
1052 3376 1105 3438 in-

157 3478 284 3542 tercedi
296 3478 474 3562 jubeatis;
498 3479 611 3542 sedet
631 3478 673 3541 de
691 3477 852 3540 thesauro
875 3475 1103 3539 humanarum

159 3597 283 3654 rerum,
304 3599 403 3660 quem
435 3579 606 3642 Dominus
626 3577 731 3642 Jesus
756 3575 854 3639 nobis
877 3575 1031 3657 gratuita
1053 3577 1105 3656 pi·

157 3684 249 3741 etate
271 3679 454 3755 concessit,
474 3677 605 3759 aliquid
632 3697 694 3759 per
717 3677 999 3758 metropolitanas
1022 3675 1107 3738 civi·

193 3872 306 3923 'literis
325 3873 408 3921 Caroli
427 3873 533 3936 anagni]
556 3874 619 3922 'l'his
643 3875 663 3921 it
680 3875 706 3920 in
718 3876 783 3933 ⁷9⁶5
803 3873 827 3921 le
840 3873 929 3921 Cointe
948 3873 975 3918 in
992 3871 1035 3920 the
1047 3886 1109 3932 year

154 3946 227 3994 letter
249 3945 271 3991 is
294 3942 394 4006 printed
422 3948 449 3992 at
470 3943 558 4005 length
586 3945 618 4004 by
645 3942 783 4002 following.

156 4015 276 4074 wilkins,
293 4013 391 4063 Concil.
409 4013 426 4061 i.
447 4029 473 4073 p.
492 4017 550 4074 158,
569 4014 619 4060 and
679 4005 851 4077 'dtbelredi,]
864 4025 892 4058 or
909 4010 1064 4059 Aetheberbt
1083 4009 1112 4057 oi

155 4084 302 4144 elsewhere,
313 4082 375 4131 with
393 4083 435 4131 the
455 4097 541 4131 verses
560 4084 619 4130 sub·
646 4079 1109 4141 Northumberlund,whodiedin796.

149 4156 247 4217 joined.
282 4154 336 4202 The
347 4154 406 4200 date
423 4153 452 4201 oi
467 4153 619 4201 itisuncer·
680 4148 820 4212 lRecepta
842 4165 873 4199 ex
896 4149 1062 4212 eleemosyna]
1083 4149 1109 4196 in

153 4227 220 4274 taint
231 4224 332 4286 Aliord,
340 4222 433 4273 Annei.
444 4223 524 4286 Eccl,
533 4222 620 4284 places
645 4220 839 4280 eleemosynam.

206 4316 284 4362 vot..
310 4314 331 4360 1.
938 4309 960 4354 R
