2888 4852
432 431 570 481 enonas
594 433 859 482 maronianum.
1052 419 1117 482 341

169 590 232 652 bus
257 589 332 671 pice
355 597 390 654 et
406 590 583 672 sulphure,
606 589 827 673 plumboque,
846 608 925 652 cera
946 600 982 653 et
1002 589 1115 672 adipe.
1130 609 1237 650 vinear

170 687 225 751 Ibi
240 689 355 753 inveni
382 689 562 772 pontifices
588 689 698 771 patris
723 690 790 753 mei
810 697 845 753 et
867 689 1116 754 avunculorum
1129 659 1244 750 irie⁸i¹⁶⁸¹⁶

170 805 334 866 meorum,
352 808 440 870 quos
457 808 534 852 cum
551 806 682 871 pavens
698 788 958 869 interrogarem,
976 798 1117 870 propter

168 886 250 968 qnid
259 894 536 969 paterentnrtam
545 886 667 968 gravia
675 894 858 965 tormenta,
866 887 1117 969 responderunt

169 984 264 1062 mihi,
281 986 448 1050 ‘Fuimus
459 987 611 1068 episcopi
627 985 737 1068 patris
752 987 803 1049 tui
819 994 854 1050 et
865 987 1116 1052 avunculorum

168 1091 318 1162 tuorum,
334 1093 370 1149 et
386 1104 465 1148 cnm
481 1085 660 1148 debuimus
674 1085 753 1148 illos
768 1093 803 1149 et
815 1086 961 1168 populos
976 1086 1114 1150 illorum

168 1182 211 1246 de
228 1203 313 1265 pace
332 1191 368 1248 et
382 1183 566 1248 concordia
589 1184 772 1247 admonere
795 1192 831 1248 et
851 1185 996 1266 precari,
1012 1185 1115 1248 semi·

168 1283 327 1346 navimus
349 1282 538 1347 discordias
561 1284 728 1346 intereos
748 1283 966 1347 etmalorum
987 1284 1115 1348 fuimus

167 1381 375 1459 incensores
408 1382 500 1445 unde
532 1401 623 1445 nunc
645 1381 857 1444 incendimur
881 1381 916 1445 in
943 1382 1020 1446 istis
1042 1391 1114 1447 tar·

168 1480 273 1543 tareis
296 1481 474 1563 suppliciis
500 1488 537 1544 et
558 1500 621 1544 nos
645 1489 681 1544 et
708 1481 768 1543 alii
797 1480 1057 1545 homicidiorum
1079 1491 1115 1547 et

168 1579 366 1661 rapinarum
390 1587 582 1658 amatores3
616 1578 683 1643 hnc
705 1580 809 1643 etiam
831 1580 882 1642 tui
905 1581 1057 1662 episcopi
1080 1590 1115 1646 et

168 1679 337 1742 satellites
348 1680 499 1755 venient,
510 1679 569 1761 qui
580 1679 738 1743 similiter
748 1678 860 1742 facere
871 1698 963 1742 nnnc
974 1681 1115 1744 amant!

170 1777 217 1841 Et
240 1777 321 1841 dum
344 1778 419 1842 haec
439 1776 682 1842 tremebundus
703 1777 947 1854 auscultarem,
964 1798 1043 1842 ecce
1065 1779 1116 1841 ni·

169 1877 307 1957 gerrimi
329 1876 514 1954 doemoneS,
541 1895 618 1940 cum
645 1877 743 1940 uncis
766 1876 877 1957 igneis
901 1875 1115 1954 advolantes,

168 1976 332 2040 volebant
344 1975 600 2058 apprehendere
616 1975 711 2038 filum
728 1974 902 2056 glomeris,
915 1975 1005 2057 quod
1021 1983 1116 2039 tenc-

169 2075 261 2152 bam,
278 2084 314 2139 et
330 2075 371 2138 ad
393 2094 431 2138 se
454 2073 601 2152 trahere,
617 2072 678 2137 sed
694 2075 993 2137 reverberantibus
1009 2073 1115 2137 radiis

168 2173 261 2237 illins
290 2172 464 2256 glomeris,
491 2174 587 2237 filum
614 2173 813 2254 contingere
844 2193 913 2236 non
938 2173 1113 2237 valebant.

169 2271 305 2335 Deinde
331 2280 411 2354 post
429 2279 564 2355 tergum
589 2292 703 2336 meum
726 2280 914 2349 currentes,
931 2272 1116 2336 voluerunt

171 2391 225 2434 me
248 2371 456 2436 aduncinare
473 2373 557 2436 etin
571 2373 665 2454 ipsos
681 2371 857 2453 sulphuris
876 2380 999 2454 puteos
1023 2392 1114 2455 pree·

169 2470 325 2551 cipitare,
342 2470 402 2534 sed
420 2471 542 2535 ductor
564 2491 672 2549 meus,
687 2472 747 2553 qui
763 2465 916 2551 ¹glomus
941 2473 1114 2552 portabat,

168 2570 316 2653 projecit
339 2589 443 2652 super
466 2570 628 2652 scapulas
657 2589 751 2635 meas
775 2569 870 2632 filum
896 2570 1058 2651 glomeris
1080 2576 1116 2632 et

170 2667 360 2750 duplicavit
389 2668 475 2732 illud
502 2670 679 2751 traxitque
708 2675 787 2751 post
814 2687 852 2730 se
876 2667 1114 2746 vehementer3

169 2768 288 2849 sicque
315 2767 554 2831 adscendimus
585 2787 690 2851 super
711 2774 845 2829 montes
867 2766 1053 2830 altissimos
1080 2774 1115 2828 et

169 2867 302 2947 igneos,
320 2866 363 2930 de
384 2867 509 2950 quibus
526 2867 727 2930 oriebantur
739 2864 880 2928 flumina
895 2864 1066 2928 ferventia
1081 2872 1116 2928 et

169 2966 314 3047 paludes
333 2974 369 3029 et
383 2967 498 3030 omnia
520 2984 649 3046 genera
670 2963 888 3027 metallorum
911 2963 1115 3042 bullientia;

170 3064 229 3128 nbi
252 3065 363 3147 reperi
380 3066 576 3127 innumeras
592 3064 725 3128 animas
748 3060 923 3125 bominum
938 3070 973 3126 et
988 3062 1116 3144 princi·

169 3184 253 3246 pum
277 3164 387 3246 patris
404 3163 470 3226 mei
485 3171 521 3226 et
537 3162 681 3227 fratrum
697 3181 849 3224 meorum
869 3161 1116 3243 praecipitatas,

171 3263 258 3325 alias
276 3282 385 3344 usque
409 3262 452 3325 ad
475 3261 631 3343 capillos,
649 3261 735 3324 alias
752 3278 861 3343 usqne
884 3261 927 3322 nd
949 3266 1117 3335 mentum,

171 3361 259 3425 alias
284 3381 394 3443 usque
422 3360 464 3423 ad
492 3360 703 3436 umbilicum,
730 3367 836 3441 atque
858 3358 1021 3444 ejulando
1045 3359 1117 3423 cla·

171 3468 355 3524 mavernnt
371 3459 415 3523 ad
432 3478 486 3522 me
502 3458 667 3535 dicentes,
684 3467 694 3493 ‘
708 3459 799 3521 Dum
819 3458 970 3522 viximus
986 3458 1117 3523 amavi-

171 3580 247 3623 mus
261 3567 373 3623 tecum
390 3566 425 3622 et
439 3578 517 3622 cum
531 3566 630 3640 patre
648 3565 708 3621 tuo
724 3564 852 3621 etcum
869 3556 1032 3621 fratribus
1048 3559 1118 3621 tuis

172 3666 301 3722 etcum
325 3657 506 3721 avunculis
528 3657 597 3720 tuis
613 3656 726 3720 iacere
742 3657 863 3738 praelia
877 3665 913 3720 ct
934 3656 1119 3720 homicidia

173 3765 208 3820 et
221 3759 361 3840 rapinas
383 3776 446 3839 pro
471 3755 661 3837 cupiditate
677 3764 826 3833 terrena,
841 3763 877 3819 et
891 3755 968 3819 ideo
993 3756 1029 3817 in
1050 3756 1120 3818 ista

173 3856 351 3919 bullientia
366 3855 510 3918 flumina
532 3862 568 3918 et
589 3855 806 3918 metallorum
824 3855 1037 3918 diversorum
1060 3873 1119 3935 ge·

173 3974 256 4017 nera
275 3955 488 4018 sustinemus
506 3953 702 4017 tormenta?
753 3954 799 4016 Et
815 3973 892 4018 cum
911 3953 955 4016 ad
978 3952 1053 4015 haec
1075 3952 1120 4014 ti-

470 4199 478 4231 ¹
493 4202 615 4265 Μυκη]
631 4201 784 4262 Glomerem,
794 4203 825 4250 L.
