<?xml version="1.0" encoding="UTF-8"?>
<!DOCTYPE html PUBLIC "-//W3C//DTD XHTML 1.0 Transitional//EN"
    "http://www.w3.org/TR/xhtml1/DTD/xhtml1-transitional.dtd">
<html xmlns="http://www.w3.org/1999/xhtml" xml:lang="en" lang="en">
 <head>
  <title>
</title>
<meta http-equiv="Content-Type" content="text/html;charset=utf-8" />
  <meta name='ocr-system' content='tesseract 3.04.00' />
  <meta name='ocr-capabilities' content='ocr_page ocr_carea ocr_par ocr_line ocrx_word'/>
</head>
<body>
  <div class='ocr_page' id='page_1' title='image "./rogeridewendove04rogegoog_0420.png"; bbox 0 0 2888 4852; ppageno 0'>
   <div class='ocr_carea' id='block_1_1' title="bbox 418 396 1107 464">
    <p class='ocr_par' dir='ltr' id='par_1_1' title="bbox 418 396 1107 464">
     <span class='ocr_line' id='line_1_1' title="bbox 418 396 1107 464; baseline -0.003 0"><span class='ocrx_word' id='word_1_1' title='bbox 418 412 556 464; x_wconf 79' lang='lat' dir='ltr'>rnonns</span> <span class='ocrx_word' id='word_1_2' title='bbox 580 414 852 463; x_wconf 81' lang='lat' dir='ltr'>nrsronmauu.</span> <span class='ocrx_word' id='word_1_3' title='bbox 1041 396 1107 462; x_wconf 78' lang='lat'>377</span> 
     </span>
    </p>
   </div>
   <div class='ocr_carea' id='block_1_2' title="bbox 157 571 1254 3442">
    <p class='ocr_par' dir='ltr' id='par_1_2' title="bbox 157 571 1108 648">
     <span class='ocr_line' id='line_1_2' title="bbox 157 571 1108 648; baseline 0 -14"><span class='ocrx_word' id='word_1_4' title='bbox 157 573 239 635; x_wconf 85' lang='lat' dir='ltr'>vero</span> <span class='ocrx_word' id='word_1_5' title='bbox 264 571 506 636; x_wconf 87' lang='lat' dir='ltr'>circavallatus</span> <span class='ocrx_word' id='word_1_6' title='bbox 532 572 649 637; x_wconf 93' lang='lat' dir='ltr'>cuneis</span> <span class='ocrx_word' id='word_1_7' title='bbox 680 572 899 648; x_wconf 81' lang='lat' dir='ltr'>bellatorum,</span> <span class='ocrx_word' id='word_1_8' title='bbox 929 572 987 634; x_wconf 92' lang='lat' dir='ltr'>ubi</span> <span class='ocrx_word' id='word_1_9' title='bbox 1017 590 1108 634; x_wconf 90' lang='lat' dir='ltr'>nun-</span> 
     </span>
    </p>

    <p class='ocr_par' dir='ltr' id='par_1_3' title="bbox 157 671 1108 753">
     <span class='ocr_line' id='line_1_3' title="bbox 157 671 1108 753; baseline 0 -19"><span class='ocrx_word' id='word_1_10' title='bbox 157 672 216 734; x_wconf 89' lang='lat' dir='ltr'>tiis</span> <span class='ocrx_word' id='word_1_11' title='bbox 238 672 435 736; x_wconf 83' lang='lat' dir='ltr'>alternatim</span> <span class='ocrx_word' id='word_1_12' title='bbox 459 672 729 735; x_wconf 84' lang='lat' dir='ltr'>discurrentibus</span> <span class='ocrx_word' id='word_1_13' title='bbox 746 690 818 753; x_wconf 84' lang='lat' dir='ltr'>pax</span> <span class='ocrx_word' id='word_1_14' title='bbox 841 671 999 735; x_wconf 87' lang='lat' dir='ltr'>firmatur</span> <span class='ocrx_word' id='word_1_15' title='bbox 1017 672 1108 735; x_wconf 92' lang='lat' dir='ltr'>inter</span> 
     </span>
    </p>

    <p class='ocr_par' dir='ltr' id='par_1_4' title="bbox 157 770 1108 853">
     <span class='ocr_line' id='line_1_4' title="bbox 157 770 1108 853; baseline 0.001 -20"><span class='ocrx_word' id='word_1_16' title='bbox 157 790 228 847; x_wconf 90' lang='lat' dir='ltr'>eos,</span> <span class='ocrx_word' id='word_1_17' title='bbox 246 771 396 835; x_wconf 92' lang='lat' dir='ltr'>Rollone</span> <span class='ocrx_word' id='word_1_18' title='bbox 418 773 492 853; x_wconf 81' lang='lat' dir='ltr'>regi</span> <span class='ocrx_word' id='word_1_19' title='bbox 511 772 711 835; x_wconf 86' lang='lat' dir='ltr'>fidelitatem</span> <span class='ocrx_word' id='word_1_20' title='bbox 728 771 877 834; x_wconf 81' lang='lat' dir='ltr'>faciente</span> <span class='ocrx_word' id='word_1_21' title='bbox 899 778 934 835; x_wconf 85' lang='lat' dir='ltr'>et</span> <span class='ocrx_word' id='word_1_22' title='bbox 951 791 1032 853; x_wconf 81' lang='lat' dir='ltr'>rege</span> <span class='ocrx_word' id='word_1_23' title='bbox 1056 770 1108 835; x_wconf 88' lang='lat' dir='ltr'>illi</span> 
     </span>
    </p>

    <p class='ocr_par' dir='ltr' id='par_1_5' title="bbox 159 870 1108 1053">
     <span class='ocr_line' id='line_1_5' title="bbox 159 870 1107 953; baseline -0.001 -20"><span class='ocrx_word' id='word_1_24' title='bbox 159 871 265 933; x_wconf 86' lang='lat' dir='ltr'>filiam</span> <span class='ocrx_word' id='word_1_25' title='bbox 284 890 361 934; x_wconf 91' lang='lat' dir='ltr'>cum</span> <span class='ocrx_word' id='word_1_26' title='bbox 380 880 474 934; x_wconf 92' lang='lat' dir='ltr'>terra</span> <span class='ocrx_word' id='word_1_27' title='bbox 495 870 712 953; x_wconf 87' lang='lat' dir='ltr'>praetitulata</span> <span class='ocrx_word' id='word_1_28' title='bbox 729 871 960 948; x_wconf 83' lang='lat' dir='ltr'>concedente3</span> <span class='ocrx_word' id='word_1_29' title='bbox 986 891 1107 953; x_wconf 88' lang='lat' dir='ltr'>supcr-</span> 
     </span>
     <span class='ocr_line' id='line_1_6' title="bbox 160 970 1108 1053; baseline 0 -20"><span class='ocrx_word' id='word_1_30' title='bbox 160 970 292 1033; x_wconf 90' lang='lat' dir='ltr'>addidit</span> <span class='ocrx_word' id='word_1_31' title='bbox 320 971 423 1033; x_wconf 89' lang='lat' dir='ltr'>etiam</span> <span class='ocrx_word' id='word_1_32' title='bbox 449 972 479 1033; x_wconf 92' lang='lat' dir='ltr'>ei</span> <span class='ocrx_word' id='word_1_33' title='bbox 505 971 720 1034; x_wconf 82' lang='lat' dir='ltr'>Britanniam</span> <span class='ocrx_word' id='word_1_34' title='bbox 743 977 866 1046; x_wconf 91' lang='lat' dir='ltr'>totam,</span> <span class='ocrx_word' id='word_1_35' title='bbox 888 970 987 1053; x_wconf 88' lang='lat' dir='ltr'>cujus</span> <span class='ocrx_word' id='word_1_36' title='bbox 1012 971 1108 1052; x_wconf 90' lang='lat' dir='ltr'>prin·</span> 
     </span>
    </p>

    <p class='ocr_par' dir='ltr' id='par_1_6' title="bbox 158 1068 1109 1250">
     <span class='ocr_line' id='line_1_7' title="bbox 158 1068 1109 1152; baseline 0 -19"><span class='ocrx_word' id='word_1_37' title='bbox 158 1070 252 1152; x_wconf 88' lang='lat' dir='ltr'>cipes</span> <span class='ocrx_word' id='word_1_38' title='bbox 266 1070 499 1151; x_wconf 84' lang='lat' dir='ltr'>Berengarius</span> <span class='ocrx_word' id='word_1_39' title='bbox 517 1078 552 1134; x_wconf 89' lang='lat' dir='ltr'>et</span> <span class='ocrx_word' id='word_1_40' title='bbox 569 1068 704 1133; x_wconf 85' lang='lat' dir='ltr'>Alanus</span> <span class='ocrx_word' id='word_1_41' title='bbox 726 1069 868 1133; x_wconf 91' lang='lat' dir='ltr'>Rollcni</span> <span class='ocrx_word' id='word_1_42' title='bbox 890 1079 1109 1134; x_wconf 91' lang='lat' dir='ltr'>sacramenta</span> 
     </span>
     <span class='ocr_line' id='line_1_8' title="bbox 162 1156 1108 1250; baseline 0.002 -19"><span class='ocrx_word' id='word_1_43' title='bbox 162 1169 339 1232; x_wconf 85' lang='lat' dir='ltr'>fidelitatis</span> <span class='ocrx_word' id='word_1_44' title='bbox 353 1169 520 1233; x_wconf 82' lang='lat' dir='ltr'>fecerunt.</span> <span class='ocrx_word' id='word_1_45' title='bbox 583 1169 652 1232; x_wconf 91' lang='lat' dir='ltr'>His</span> <span class='ocrx_word' id='word_1_46' title='bbox 675 1169 782 1250; x_wconf 84' lang='lat' dir='ltr'>igitur</span> <span class='ocrx_word' id='word_1_47' title='bbox 799 1156 960 1232; x_wconf 80' lang='lat' dir='ltr'>nobiliter</span> <span class='ocrx_word' id='word_1_48' title='bbox 981 1189 1108 1233; x_wconf 86' lang='lat' dir='ltr'>execu-</span> 
     </span>
    </p>

    <p class='ocr_par' dir='ltr' id='par_1_7' title="bbox 161 1267 1109 1350">
     <span class='ocr_line' id='line_1_9' title="bbox 161 1267 1109 1350; baseline 0.001 -19"><span class='ocrx_word' id='word_1_49' title='bbox 161 1270 219 1346; x_wconf 88' lang='lat' dir='ltr'>tis,</span> <span class='ocrx_word' id='word_1_50' title='bbox 244 1268 426 1332; x_wconf 90' lang='lat' dir='ltr'>hortantur</span> <span class='ocrx_word' id='word_1_51' title='bbox 452 1269 631 1332; x_wconf 91' lang='lat' dir='ltr'>adstantes</span> <span class='ocrx_word' id='word_1_52' title='bbox 656 1267 881 1350; x_wconf 84' lang='lat' dir='ltr'>Francigenae</span> <span class='ocrx_word' id='word_1_53' title='bbox 911 1269 1109 1348; x_wconf 89' lang='lat' dir='ltr'>Rollonem,</span> 
     </span>
    </p>

    <p class='ocr_par' dir='ltr' id='par_1_8' title="bbox 161 1369 1110 1451">
     <span class='ocr_line' id='line_1_10' title="bbox 161 1369 1110 1451; baseline 0.002 -20"><span class='ocrx_word' id='word_1_54' title='bbox 161 1375 201 1430; x_wconf 93' lang='lat' dir='ltr'>ut</span> <span class='ocrx_word' id='word_1_55' title='bbox 222 1369 344 1451; x_wconf 89' lang='lat' dir='ltr'>pedem</span> <span class='ocrx_word' id='word_1_56' title='bbox 367 1369 458 1450; x_wconf 81' lang='lat' dir='ltr'>regis</span> <span class='ocrx_word' id='word_1_57' title='bbox 484 1389 547 1451; x_wconf 91' lang='lat' dir='ltr'>pro</span> <span class='ocrx_word' id='word_1_58' title='bbox 570 1375 668 1432; x_wconf 91' lang='lat' dir='ltr'>tanto</span> <span class='ocrx_word' id='word_1_59' title='bbox 694 1369 910 1432; x_wconf 89' lang='lat' dir='ltr'>oscularetur</span> <span class='ocrx_word' id='word_1_60' title='bbox 935 1369 1045 1448; x_wconf 86' lang='lat' dir='ltr'>d0n03</span> <span class='ocrx_word' id='word_1_61' title='bbox 1072 1377 1110 1434; x_wconf 89' lang='lat' dir='ltr'>at</span> 
     </span>
    </p>

    <p class='ocr_par' dir='ltr' id='par_1_9' title="bbox 162 1467 1111 1650">
     <span class='ocr_line' id='line_1_11' title="bbox 164 1467 1110 1550; baseline 0 -19"><span class='ocrx_word' id='word_1_62' title='bbox 164 1467 269 1532; x_wconf 90' lang='lat' dir='ltr'>Rollo</span> <span class='ocrx_word' id='word_1_63' title='bbox 300 1487 414 1549; x_wconf 77' lang='lat' dir='ltr'>genua</span> <span class='ocrx_word' id='word_1_64' title='bbox 445 1468 583 1531; x_wconf 89' lang='lat' dir='ltr'>flectere</span> <span class='ocrx_word' id='word_1_65' title='bbox 614 1467 835 1547; x_wconf 81' lang='lat' dir='ltr'>dedignatus,</span> <span class='ocrx_word' id='word_1_66' title='bbox 866 1467 988 1549; x_wconf 90' lang='lat' dir='ltr'>pedem</span> <span class='ocrx_word' id='word_1_67' title='bbox 1019 1469 1110 1550; x_wconf 81' lang='lat' dir='ltr'>regis</span> 
     </span>
     <span class='ocr_line' id='line_1_12' title="bbox 162 1566 1111 1650; baseline 0.001 -20"><span class='ocrx_word' id='word_1_68' title='bbox 162 1566 413 1650; x_wconf 89' lang='lat' dir='ltr'>apprehensum</span> <span class='ocrx_word' id='word_1_69' title='bbox 431 1567 644 1631; x_wconf 86' lang='lat' dir='ltr'>truculenter</span> <span class='ocrx_word' id='word_1_70' title='bbox 663 1567 773 1631; x_wconf 86' lang='lat' dir='ltr'>traxit</span> <span class='ocrx_word' id='word_1_71' title='bbox 788 1567 832 1630; x_wconf 93' lang='lat' dir='ltr'>ad</span> <span class='ocrx_word' id='word_1_72' title='bbox 850 1587 889 1630; x_wconf 91' lang='lat' dir='ltr'>cs</span> <span class='ocrx_word' id='word_1_73' title='bbox 905 1587 1018 1644; x_wconf 86' lang='lat' dir='ltr'>suum,</span> <span class='ocrx_word' id='word_1_74' title='bbox 1034 1568 1111 1650; x_wconf 90' lang='lat' dir='ltr'>ipso</span> 
     </span>
    </p>

    <p class='ocr_par' dir='ltr' id='par_1_10' title="bbox 164 1666 1113 1749">
     <span class='ocr_line' id='line_1_13' title="bbox 164 1666 1113 1749; baseline 0.002 -21"><span class='ocrx_word' id='word_1_75' title='bbox 164 1687 245 1748; x_wconf 82' lang='lat' dir='ltr'>rege</span> <span class='ocrx_word' id='word_1_76' title='bbox 268 1667 302 1729; x_wconf 94' lang='lat' dir='ltr'>in</span> <span class='ocrx_word' id='word_1_77' title='bbox 324 1674 451 1730; x_wconf 89' lang='lat' dir='ltr'>terram</span> <span class='ocrx_word' id='word_1_78' title='bbox 474 1668 696 1749; x_wconf 84' lang='lat' dir='ltr'>resupinat03</span> <span class='ocrx_word' id='word_1_79' title='bbox 720 1667 780 1730; x_wconf 92' lang='lat' dir='ltr'>sed</span> <span class='ocrx_word' id='word_1_80' title='bbox 799 1666 1025 1748; x_wconf 84' lang='lat' dir='ltr'>Francigenae</span> <span class='ocrx_word' id='word_1_81' title='bbox 1041 1667 1113 1730; x_wconf 84' lang='lat' dir='ltr'>sac·</span> 
     </span>
    </p>

    <p class='ocr_par' dir='ltr' id='par_1_11' title="bbox 164 1765 1112 2148">
     <span class='ocr_line' id='line_1_14' title="bbox 164 1765 1111 1848; baseline 0.001 -19"><span class='ocrx_word' id='word_1_82' title='bbox 164 1775 238 1829; x_wconf 93' lang='lat' dir='ltr'>tum</span> <span class='ocrx_word' id='word_1_83' title='bbox 270 1766 571 1848; x_wconf 89' lang='lat' dir='ltr'>reprehendentes,</span> <span class='ocrx_word' id='word_1_84' title='bbox 604 1765 825 1829; x_wconf 89' lang='lat' dir='ltr'>Normannos</span> <span class='ocrx_word' id='word_1_85' title='bbox 857 1774 1040 1830; x_wconf 88' lang='lat' dir='ltr'>moverunt</span> <span class='ocrx_word' id='word_1_86' title='bbox 1068 1767 1111 1830; x_wconf 90' lang='lat' dir='ltr'>ad</span> 
     </span>
     <span class='ocr_line' id='line_1_15' title="bbox 165 1865 1112 1947; baseline 0.002 -20"><span class='ocrx_word' id='word_1_87' title='bbox 165 1867 283 1943; x_wconf 89' lang='lat' dir='ltr'>risum,</span> <span class='ocrx_word' id='word_1_88' title='bbox 324 1865 504 1929; x_wconf 88' lang='lat' dir='ltr'>videbatur</span> <span class='ocrx_word' id='word_1_89' title='bbox 538 1866 629 1928; x_wconf 91' lang='lat' dir='ltr'>enim</span> <span class='ocrx_word' id='word_1_90' title='bbox 669 1865 812 1929; x_wconf 91' lang='lat' dir='ltr'>Rolloni</span> <span class='ocrx_word' id='word_1_91' title='bbox 847 1866 1041 1947; x_wconf 81' lang='lat' dir='ltr'>indignum,</span> <span class='ocrx_word' id='word_1_92' title='bbox 1072 1875 1112 1930; x_wconf 93' lang='lat' dir='ltr'>ut</span> 
     </span>
     <span class='ocr_line' id='line_1_16' title="bbox 165 1965 1111 2048; baseline 0.003 -20"><span class='ocrx_word' id='word_1_93' title='bbox 165 1974 305 2042; x_wconf 90' lang='lat' dir='ltr'>terram,</span> <span class='ocrx_word' id='word_1_94' title='bbox 332 1985 435 2046; x_wconf 92' lang='lat' dir='ltr'>quam</span> <span class='ocrx_word' id='word_1_95' title='bbox 469 1965 574 2028; x_wconf 92' lang='lat' dir='ltr'>armis</span> <span class='ocrx_word' id='word_1_96' title='bbox 607 1974 767 2048; x_wconf 90' lang='lat' dir='ltr'>potenter</span> <span class='ocrx_word' id='word_1_97' title='bbox 790 1966 987 2047; x_wconf 77' lang='lat' dir='ltr'>subegerat,</span> <span class='ocrx_word' id='word_1_98' title='bbox 1020 1967 1111 2031; x_wconf 91' lang='lat' dir='ltr'>dono</span> 
     </span>
     <span class='ocr_line' id='line_1_17' title="bbox 166 2065 1112 2148; baseline 0.002 -21"><span class='ocrx_word' id='word_1_99' title='bbox 166 2065 350 2148; x_wconf 91' lang='lat' dir='ltr'>cujuslibet</span> <span class='ocrx_word' id='word_1_100' title='bbox 377 2065 580 2147; x_wconf 89' lang='lat' dir='ltr'>possideret.</span> <span class='ocrx_word' id='word_1_101' title='bbox 633 2065 743 2128; x_wconf 87' lang='lat' dir='ltr'>Paeto</span> <span class='ocrx_word' id='word_1_102' title='bbox 771 2065 888 2146; x_wconf 90' lang='lat' dir='ltr'>itaque</span> <span class='ocrx_word' id='word_1_103' title='bbox 914 2066 1053 2129; x_wconf 86' lang='lat' dir='ltr'>tandem</span> <span class='ocrx_word' id='word_1_104' title='bbox 1075 2066 1112 2129; x_wconf 93' lang='lat' dir='ltr'>in</span> 
     </span>
    </p>

    <p class='ocr_par' dir='ltr' id='par_1_12' title="bbox 165 2164 1254 3442">
     <span class='ocr_line' id='line_1_18' title="bbox 165 2164 1114 2241; baseline 0.004 -15"><span class='ocrx_word' id='word_1_105' title='bbox 165 2164 257 2227; x_wconf 92' lang='lat' dir='ltr'>hunc</span> <span class='ocrx_word' id='word_1_106' title='bbox 288 2165 426 2227; x_wconf 92' lang='lat' dir='ltr'>modum</span> <span class='ocrx_word' id='word_1_107' title='bbox 458 2165 605 2241; x_wconf 84' lang='lat' dir='ltr'>firmato,</span> <span class='ocrx_word' id='word_1_108' title='bbox 638 2184 700 2227; x_wconf 86' lang='lat' dir='ltr'>rex</span> <span class='ocrx_word' id='word_1_109' title='bbox 731 2165 943 2228; x_wconf 87' lang='lat' dir='ltr'>Francorum</span> <span class='ocrx_word' id='word_1_110' title='bbox 976 2166 1019 2228; x_wconf 87' lang='lat' dir='ltr'>ad</span> <span class='ocrx_word' id='word_1_111' title='bbox 1049 2185 1114 2230; x_wconf 89' lang='lat' dir='ltr'>sua</span> 
     </span>
     <span class='ocr_line' id='line_1_19' title="bbox 166 2264 1254 2345; baseline -0.004 -18"><span class='ocrx_word' id='word_1_112' title='bbox 166 2264 371 2345; x_wconf 80' lang='lat' dir='ltr'>regreditur,</span> <span class='ocrx_word' id='word_1_113' title='bbox 398 2272 432 2327; x_wconf 90' lang='lat' dir='ltr'>et</span> <span class='ocrx_word' id='word_1_114' title='bbox 455 2264 560 2328; x_wconf 93' lang='lat' dir='ltr'>Rollo</span> <span class='ocrx_word' id='word_1_115' title='bbox 586 2284 662 2327; x_wconf 92' lang='lat' dir='ltr'>cum</span> <span class='ocrx_word' id='word_1_116' title='bbox 690 2264 776 2328; x_wconf 90' lang='lat' dir='ltr'>duce</span> <span class='ocrx_word' id='word_1_117' title='bbox 801 2264 956 2329; x_wconf 91' lang='lat' dir='ltr'>Roberto</span> <span class='ocrx_word' id='word_1_118' title='bbox 977 2265 1112 2330; x_wconf 92' lang='lat' dir='ltr'>Rotho·</span> <span class='ocrx_word' id='word_1_119' title='bbox 1126 2284 1254 2334; x_wconf 61' lang='lat' dir='ltr'>rapimur</span> 
     </span>
     <span class='ocr_line' id='line_1_20' title="bbox 167 2336 1195 2447; baseline 0.003 -21"><span class='ocrx_word' id='word_1_120' title='bbox 167 2383 306 2445; x_wconf 78' lang='lat' dir='ltr'>magum</span> <span class='ocrx_word' id='word_1_121' title='bbox 326 2364 524 2445; x_wconf 80' lang='lat' dir='ltr'>regrediens</span> <span class='ocrx_word' id='word_1_122' title='bbox 543 2364 741 2447; x_wconf 89' lang='lat' dir='ltr'>baptizatus</span> <span class='ocrx_word' id='word_1_123' title='bbox 764 2371 818 2427; x_wconf 91' lang='lat' dir='ltr'>est</span> <span class='ocrx_word' id='word_1_124' title='bbox 845 2384 922 2428; x_wconf 90' lang='lat' dir='ltr'>cum</span> <span class='ocrx_word' id='word_1_125' title='bbox 949 2366 1021 2429; x_wconf 90' lang='lat' dir='ltr'>suis</span> <span class='ocrx_word' id='word_1_126' title='bbox 1041 2384 1113 2429; x_wconf 91' lang='lat' dir='ltr'>om·</span> <span class='ocrx_word' id='word_1_127' title='bbox 1126 2336 1195 2377; x_wconf 47' lang='grc' dir='ltr'>ηοω</span> 
     </span>
     <span class='ocr_line' id='line_1_21' title="bbox 166 2463 1113 2546; baseline 0.004 -22"><span class='ocrx_word' id='word_1_128' title='bbox 166 2464 267 2526; x_wconf 89' lang='lat' dir='ltr'>nibus</span> <span class='ocrx_word' id='word_1_129' title='bbox 290 2483 311 2526; x_wconf 93' lang='lat' dir='ltr'>a</span> <span class='ocrx_word' id='word_1_130' title='bbox 330 2465 522 2539; x_wconf 89' lang='lat' dir='ltr'>Francone,</span> <span class='ocrx_word' id='word_1_131' title='bbox 544 2464 802 2546; x_wconf 89' lang='lat' dir='ltr'>archiepiscopo</span> <span class='ocrx_word' id='word_1_132' title='bbox 826 2463 1113 2546; x_wconf 81' lang='lat' dir='ltr'>Rothomagensi,</span> 
     </span>
     <span class='ocr_line' id='line_1_22' title="bbox 166 2563 1113 2647; baseline 0.003 -22"><span class='ocrx_word' id='word_1_133' title='bbox 166 2583 267 2644; x_wconf 90' lang='lat' dir='ltr'>quem</span> <span class='ocrx_word' id='word_1_134' title='bbox 297 2563 370 2626; x_wconf 84' lang='lat' dir='ltr'>dux</span> <span class='ocrx_word' id='word_1_135' title='bbox 393 2563 568 2627; x_wconf 91' lang='lat' dir='ltr'>Robertus</span> <span class='ocrx_word' id='word_1_136' title='bbox 595 2563 637 2627; x_wconf 89' lang='lat' dir='ltr'>de</span> <span class='ocrx_word' id='word_1_137' title='bbox 666 2563 761 2627; x_wconf 86' lang='lat' dir='ltr'>sonte</span> <span class='ocrx_word' id='word_1_138' title='bbox 785 2582 883 2626; x_wconf 91' lang='lat' dir='ltr'>sacro</span> <span class='ocrx_word' id='word_1_139' title='bbox 910 2565 1113 2647; x_wconf 92' lang='lat' dir='ltr'>suscipiens,</span> 
     </span>
     <span class='ocr_line' id='line_1_23' title="bbox 165 2656 1113 2745; baseline 0.001 -19"><span class='ocrx_word' id='word_1_140' title='bbox 165 2664 197 2726; x_wconf 90' lang='lat' dir='ltr'>ei</span> <span class='ocrx_word' id='word_1_141' title='bbox 221 2663 383 2745; x_wconf 91' lang='lat' dir='ltr'>imposuit</span> <span class='ocrx_word' id='word_1_142' title='bbox 404 2682 527 2725; x_wconf 88' lang='lat' dir='ltr'>nomen</span> <span class='ocrx_word' id='word_1_143' title='bbox 551 2682 664 2739; x_wconf 90' lang='lat' dir='ltr'>suum,</span> <span class='ocrx_word' id='word_1_144' title='bbox 681 2656 790 2725; x_wconf 92' lang='lat' dir='ltr'>¹anno</span> <span class='ocrx_word' id='word_1_145' title='bbox 813 2664 857 2725; x_wconf 93' lang='lat' dir='ltr'>ab</span> <span class='ocrx_word' id='word_1_146' title='bbox 876 2662 1113 2728; x_wconf 83' lang='lat' dir='ltr'>incarnatione</span> 
     </span>
     <span class='ocr_line' id='line_1_24' title="bbox 167 2760 1113 2844; baseline 0.002 -20"><span class='ocrx_word' id='word_1_147' title='bbox 167 2762 306 2825; x_wconf 92' lang='lat' dir='ltr'>Domini</span> <span class='ocrx_word' id='word_1_148' title='bbox 325 2762 587 2843; x_wconf 85' lang='lat' dir='ltr'>nongentesimo</span> <span class='ocrx_word' id='word_1_149' title='bbox 604 2760 817 2825; x_wconf 89' lang='lat' dir='ltr'>duodecimo.</span> <span class='ocrx_word' id='word_1_150' title='bbox 869 2761 994 2844; x_wconf 90' lang='lat' dir='ltr'>Sicque</span> <span class='ocrx_word' id='word_1_151' title='bbox 1016 2782 1113 2844; x_wconf 82' lang='lat' dir='ltr'>mag-</span> 
     </span>
     <span class='ocr_line' id='line_1_25' title="bbox 168 2861 1114 2945; baseline 0.003 -23"><span class='ocrx_word' id='word_1_152' title='bbox 168 2861 290 2923; x_wconf 90' lang='lat' dir='ltr'>nificus</span> <span class='ocrx_word' id='word_1_153' title='bbox 313 2862 385 2924; x_wconf 86' lang='lat' dir='ltr'>dux</span> <span class='ocrx_word' id='word_1_154' title='bbox 407 2861 595 2937; x_wconf 91' lang='lat' dir='ltr'>Robertus,</span> <span class='ocrx_word' id='word_1_155' title='bbox 618 2869 814 2942; x_wconf 89' lang='lat' dir='ltr'>praeparatc</span> <span class='ocrx_word' id='word_1_156' title='bbox 832 2862 1029 2943; x_wconf 88' lang='lat' dir='ltr'>nuptiarum</span> <span class='ocrx_word' id='word_1_157' title='bbox 1052 2882 1114 2945; x_wconf 91' lang='lat' dir='ltr'>ap·</span> 
     </span>
     <span class='ocr_line' id='line_1_26' title="bbox 167 2959 1115 3043; baseline 0.002 -21"><span class='ocrx_word' id='word_1_158' title='bbox 167 2967 294 3041; x_wconf 88' lang='lat' dir='ltr'>paratu</span> <span class='ocrx_word' id='word_1_159' title='bbox 316 2975 455 3041; x_wconf 84' lang='lat' dir='ltr'>magno,</span> <span class='ocrx_word' id='word_1_160' title='bbox 477 2960 569 3041; x_wconf 84' lang='lat' dir='ltr'>regis</span> <span class='ocrx_word' id='word_1_161' title='bbox 591 2960 696 3023; x_wconf 82' lang='lat' dir='ltr'>tiliam</span> <span class='ocrx_word' id='word_1_162' title='bbox 719 2959 756 3022; x_wconf 92' lang='lat' dir='ltr'>in</span> <span class='ocrx_word' id='word_1_163' title='bbox 777 2959 976 3043; x_wconf 81' lang='lat' dir='ltr'>conjugium</span> <span class='ocrx_word' id='word_1_164' title='bbox 1001 2969 1037 3024; x_wconf 92' lang='lat' dir='ltr'>et</span> <span class='ocrx_word' id='word_1_165' title='bbox 1059 2981 1115 3024; x_wconf 91' lang='lat' dir='ltr'>so-</span> 
     </span>
     <span class='ocr_line' id='line_1_27' title="bbox 166 3058 1113 3142; baseline 0.002 -20"><span class='ocrx_word' id='word_1_166' title='bbox 166 3060 326 3122; x_wconf 90' lang='lat' dir='ltr'>cietatem</span> <span class='ocrx_word' id='word_1_167' title='bbox 364 3061 443 3136; x_wconf 92' lang='lat' dir='ltr'>tori,</span> <span class='ocrx_word' id='word_1_168' title='bbox 477 3058 674 3123; x_wconf 87' lang='lat' dir='ltr'>Christiano</span> <span class='ocrx_word' id='word_1_169' title='bbox 707 3079 813 3136; x_wconf 89' lang='lat' dir='ltr'>more,</span> <span class='ocrx_word' id='word_1_170' title='bbox 845 3060 1018 3142; x_wconf 83' lang='lat' dir='ltr'>suscepit3</span> <span class='ocrx_word' id='word_1_171' title='bbox 1052 3061 1113 3124; x_wconf 91' lang='lat' dir='ltr'>sed</span> 
     </span>
     <span class='ocr_line' id='line_1_28' title="bbox 165 3159 1114 3241; baseline 0.004 -20"><span class='ocrx_word' id='word_1_172' title='bbox 165 3159 226 3221; x_wconf 94' lang='lat' dir='ltr'>illa</span> <span class='ocrx_word' id='word_1_173' title='bbox 242 3159 402 3241; x_wconf 89' lang='lat' dir='ltr'>deinceps</span> <span class='ocrx_word' id='word_1_174' title='bbox 427 3167 507 3241; x_wconf 91' lang='lat' dir='ltr'>post</span> <span class='ocrx_word' id='word_1_175' title='bbox 527 3178 637 3222; x_wconf 92' lang='lat' dir='ltr'>annos</span> <span class='ocrx_word' id='word_1_176' title='bbox 659 3178 787 3241; x_wconf 91' lang='lat' dir='ltr'>paucos</span> <span class='ocrx_word' id='word_1_177' title='bbox 802 3160 987 3222; x_wconf 88' lang='lat' dir='ltr'>immatura</span> <span class='ocrx_word' id='word_1_178' title='bbox 1002 3168 1114 3225; x_wconf 89' lang='lat' dir='ltr'>morte</span> 
     </span>
     <span class='ocr_line' id='line_1_29' title="bbox 165 3251 1113 3342; baseline 0.003 -21"><span class='ocrx_word' id='word_1_179' title='bbox 165 3260 240 3321; x_wconf 89' lang='lat' dir='ltr'>sine</span> <span class='ocrx_word' id='word_1_180' title='bbox 256 3257 373 3321; x_wconf 87' lang='lat' dir='ltr'>liberis</span> <span class='ocrx_word' id='word_1_181' title='bbox 391 3258 668 3340; x_wconf 79' lang='lat' dir='ltr'>praeventa,·dux</span> <span class='ocrx_word' id='word_1_182' title='bbox 688 3258 864 3322; x_wconf 88' lang='lat' dir='ltr'>Robertus</span> <span class='ocrx_word' id='word_1_183' title='bbox 879 3251 1113 3342; x_wconf 77' lang='lat' dir='ltr'>²repudiatam</span> 
     </span>
     <span class='ocr_line' id='line_1_30' title="bbox 165 3357 756 3442; baseline -0.002 -20"><span class='ocrx_word' id='word_1_184' title='bbox 165 3359 298 3442; x_wconf 92' lang='lat' dir='ltr'>Popam</span> <span class='ocrx_word' id='word_1_185' title='bbox 314 3359 380 3421; x_wconf 93' lang='lat' dir='ltr'>sibi</span> <span class='ocrx_word' id='word_1_186' title='bbox 394 3365 553 3441; x_wconf 88' lang='lat' dir='ltr'>repetens</span> <span class='ocrx_word' id='word_1_187' title='bbox 568 3357 756 3440; x_wconf 88' lang='lat' dir='ltr'>copulavit.</span> 
     </span>
    </p>
   </div>
   <div class='ocr_carea' id='block_1_3' title="bbox 339 3549 933 3635">
    <p class='ocr_par' dir='ltr' id='par_1_13' title="bbox 339 3549 933 3635">
     <span class='ocr_line' id='line_1_31' title="bbox 339 3549 933 3635; baseline 0 -23"><span class='ocrx_word' id='word_1_188' title='bbox 339 3551 388 3613; x_wconf 78' lang='lat' dir='ltr'>Da</span> <span class='ocrx_word' id='word_1_189' title='bbox 400 3549 576 3635; x_wconf 73' lang='lat' dir='ltr'>peaeobpic</span> <span class='ocrx_word' id='word_1_190' title='bbox 591 3549 703 3613; x_wconf 75' lang='lat' dir='ltr'>damna</span> <span class='ocrx_word' id='word_1_191' title='bbox 717 3549 933 3613; x_wconf 81' lang='lat' dir='ltr'>Narmanaiae.</span> 
     </span>
    </p>
   </div>
   <div class='ocr_carea' id='block_1_4' title="bbox 139 3671 1251 3755">
    <p class='ocr_par' dir='ltr' id='par_1_14' title="bbox 139 3671 1251 3755">
     <span class='ocr_line' id='line_1_32' title="bbox 139 3671 1251 3755; baseline 0.005 -22"><span class='ocrx_word' id='word_1_192' title='bbox 139 3689 142 3696; x_wconf 85' lang='grc'><strong>’</strong></span> <span class='ocrx_word' id='word_1_193' title='bbox 215 3671 388 3749; x_wconf 88' lang='lat' dir='ltr'>Quoniam</span> <span class='ocrx_word' id='word_1_194' title='bbox 415 3674 523 3754; x_wconf 83' lang='lat' dir='ltr'>igitur</span> <span class='ocrx_word' id='word_1_195' title='bbox 548 3693 592 3737; x_wconf 85' lang='lat' dir='ltr'>ex</span> <span class='ocrx_word' id='word_1_196' title='bbox 622 3674 686 3738; x_wconf 91' lang='lat' dir='ltr'>hoc</span> <span class='ocrx_word' id='word_1_197' title='bbox 717 3674 901 3755; x_wconf 85' lang='lat' dir='ltr'>magnifico</span> <span class='ocrx_word' id='word_1_198' title='bbox 929 3673 1015 3738; x_wconf 89' lang='lat' dir='ltr'>duce</span> <span class='ocrx_word' id='word_1_199' title='bbox 1042 3674 1115 3738; x_wconf 88' lang='lat' dir='ltr'>Ro·</span> <span class='ocrx_word' id='word_1_200' title='bbox 1126 3700 1251 3742; x_wconf 60' lang='lat' dir='ltr'>natator</span> 
     </span>
    </p>
   </div>
   <div class='ocr_carea' id='block_1_5' title="bbox 163 3751 1272 3855">
    <p class='ocr_par' dir='ltr' id='par_1_15' title="bbox 163 3751 1272 3855">
     <span class='ocr_line' id='line_1_33' title="bbox 163 3751 1272 3855; baseline 0.004 -21"><span class='ocrx_word' id='word_1_201' title='bbox 163 3772 262 3834; x_wconf 92' lang='lat' dir='ltr'>berto</span> <span class='ocrx_word' id='word_1_202' title='bbox 283 3772 404 3854; x_wconf 86' lang='lat' dir='ltr'>inclyti</span> <span class='ocrx_word' id='word_1_203' title='bbox 427 3773 533 3836; x_wconf 89' lang='lat' dir='ltr'>duces</span> <span class='ocrx_word' id='word_1_204' title='bbox 553 3780 588 3837; x_wconf 93' lang='lat' dir='ltr'>et</span> <span class='ocrx_word' id='word_1_205' title='bbox 610 3793 708 3855; x_wconf 81' lang='lat' dir='ltr'>reges</span> <span class='ocrx_word' id='word_1_206' title='bbox 730 3781 913 3838; x_wconf 84' lang='lat' dir='ltr'>traxerunt</span> <span class='ocrx_word' id='word_1_207' title='bbox 935 3774 1115 3855; x_wconf 82' lang='lat' dir='ltr'>originem,</span> <span class='ocrx_word' id='word_1_208' title='bbox 1126 3751 1272 3849; x_wconf 42' lang='lat' dir='ltr'>iiiii&amp;</span> 
     </span>
    </p>
   </div>
   <div class='ocr_carea' id='block_1_6' title="bbox 203 4065 1116 4130">
    <p class='ocr_par' dir='ltr' id='par_1_16' title="bbox 203 4065 1116 4130">
     <span class='ocr_line' id='line_1_34' title="bbox 203 4065 1116 4130; baseline 0.002 -15"><span class='ocrx_word' id='word_1_209' title='bbox 203 4065 294 4115; x_wconf 66' lang='lat' dir='ltr'>‘rinno</span> <span class='ocrx_word' id='word_1_210' title='bbox 304 4066 335 4113; x_wconf 83' lang='lat' dir='ltr'>ab</span> <span class='ocrx_word' id='word_1_211' title='bbox 346 4066 533 4129; x_wconf 75' lang='lat' dir='ltr'>incarnatione]</span> <span class='ocrx_word' id='word_1_212' title='bbox 554 4067 627 4115; x_wconf 86' lang='lat' dir='ltr'>Corn·</span> <span class='ocrx_word' id='word_1_213' title='bbox 655 4068 728 4130; x_wconf 78' lang='lat' dir='ltr'>terra]</span> <span class='ocrx_word' id='word_1_214' title='bbox 751 4068 814 4116; x_wconf 80' lang='lat' dir='ltr'>This</span> <span class='ocrx_word' id='word_1_215' title='bbox 831 4069 853 4116; x_wconf 85' lang='lat' dir='ltr'>is</span> <span class='ocrx_word' id='word_1_216' title='bbox 866 4069 993 4129; x_wconf 79' lang='lat' dir='ltr'>supposed</span> <span class='ocrx_word' id='word_1_217' title='bbox 1010 4073 1036 4117; x_wconf 84' lang='lat' dir='ltr'>to</span> <span class='ocrx_word' id='word_1_218' title='bbox 1052 4068 1116 4117; x_wconf 83' lang='lat' dir='ltr'>have</span> 
     </span>
    </p>
   </div>
   <div class='ocr_carea' id='block_1_7' title="bbox 167 4134 1117 4269">
    <p class='ocr_par' dir='ltr' id='par_1_17' title="bbox 167 4134 1117 4269">
     <span class='ocr_line' id='line_1_35' title="bbox 167 4134 1117 4200; baseline 0.001 -14"><span class='ocrx_word' id='word_1_219' title='bbox 167 4152 227 4197; x_wconf 86' lang='lat' dir='ltr'>pare</span> <span class='ocrx_word' id='word_1_220' title='bbox 235 4137 345 4184; x_wconf 85' lang='lat' dir='ltr'>william</span> <span class='ocrx_word' id='word_1_221' title='bbox 355 4135 383 4183; x_wconf 84' lang='lat' dir='ltr'>ci</span> <span class='ocrx_word' id='word_1_222' title='bbox 387 4136 402 4185; x_wconf 84' lang='lat' dir='ltr'>J</span> <span class='ocrx_word' id='word_1_223' title='bbox 407 4134 578 4200; x_wconf 71' lang='lat' dir='ltr'>umieges,ii.§</span> <span class='ocrx_word' id='word_1_224' title='bbox 589 4140 627 4185; x_wconf 79' lang='lat'>18.</span> <span class='ocrx_word' id='word_1_225' title='bbox 654 4138 717 4186; x_wconf 87' lang='lat' dir='ltr'>been</span> <span class='ocrx_word' id='word_1_226' title='bbox 728 4138 806 4186; x_wconf 85' lang='lat' dir='ltr'>about</span> <span class='ocrx_word' id='word_1_227' title='bbox 814 4142 871 4187; x_wconf 77' lang='grc'><strong>920.</strong></span> <span class='ocrx_word' id='word_1_228' title='bbox 890 4138 963 4187; x_wconf 83' lang='lat' dir='ltr'>Rullo</span> <span class='ocrx_word' id='word_1_229' title='bbox 970 4139 1030 4187; x_wconf 87' lang='lat' dir='ltr'>died</span> <span class='ocrx_word' id='word_1_230' title='bbox 1039 4139 1117 4187; x_wconf 83' lang='lat' dir='ltr'>about</span> 
     </span>
     <span class='ocr_line' id='line_1_36' title="bbox 202 4205 710 4269; baseline 0.004 -15"><span class='ocrx_word' id='word_1_231' title='bbox 202 4205 386 4269; x_wconf 69' lang='grc' dir='ltr'>Ἠφαάὶαίαηι</span> <span class='ocrx_word' id='word_1_232' title='bbox 395 4206 487 4269; x_wconf 79' lang='lat' dir='ltr'>Papum</span> <span class='ocrx_word' id='word_1_233' title='bbox 498 4205 546 4254; x_wconf 77' lang='lat' dir='ltr'>sibi</span> <span class='ocrx_word' id='word_1_234' title='bbox 561 4220 629 4269; x_wconf 81' lang='lat' dir='ltr'>repe·</span> <span class='ocrx_word' id='word_1_235' title='bbox 653 4211 710 4256; x_wconf 73' lang='grc'>927.</span> 
     </span>
    </p>
   </div>
   <div class='ocr_carea' id='block_1_8' title="bbox 0 0 1457 4852">
    <p class='ocr_par' dir='ltr' id='par_1_18' title="bbox 0 0 1457 4852">
     <span class='ocr_line' id='line_1_37' title="bbox 0 0 1457 4852; baseline 0 0"><span class='ocrx_word' id='word_1_236' title='bbox 0 0 1457 4852; x_wconf 95' lang='lat' dir='ltr'> </span> 
     </span>
    </p>
   </div>
  </div>
 </body>
</html>
