2888 4852
387 430 453 496 438
620 445 781 506 ¹nouum
806 446 854 493 nn
877 444 1083 494 wunnovua

225 623 340 666 sarem
388 603 454 667 dus
482 623 544 686 per
572 610 682 667 totam
703 601 871 684 Angliam
900 595 908 632 ¹
911 601 1019 686 jussit
1045 600 1161 684 parari
1192 621 1237 664 ex
1269 608 1347 665 tre·

227 674 376 726 mm
388 705 499 768 centis
521 711 556 766 et
577 702 695 766 decem
717 701 808 765 hidis
835 720 958 765 navem
984 719 1102 777 unam,
1125 708 1161 764 et
1182 720 1226 764 ex
1250 700 1347 763 hidis

389 812 470 867 octo
494 802 629 883 galeam
651 820 757 864 unam
775 808 810 865 et
827 800 981 864 loricam.
1034 799 1164 864 Eodem
1186 806 1347 882 tempore

390 903 498 966 frater
520 900 643 983 perfidi
665 899 762 964 ducis
781 899 919 964 Eadrici
937 898 1144 978 Brithricns,
1159 899 1262 964 homo
1286 899 1346 963 ln-

390 1002 506 1064 bricus
526 1007 561 1064 et
585 1002 766 1082 superbus,
780 993 1003 1063 'Wlnothum
1027 999 1120 1080 regis
1144 999 1345 1063 urinistrurn

390 1100 519 1184 injuste
541 1100 732 1176 accusavit,
754 1099 827 1181 qui,
841 1119 883 1162 ne
904 1105 1098 1181 caperetur,
1114 1098 1231 1181 fugam
1249 1098 1346 1175 iniit,

391 1207 438 1276 et,
470 1197 595 1280 viginti
626 1198 774 1262 navibus
802 1197 998 1280 adquisitis,
1024 1199 1205 1280 piraticam
1231 1198 1347 1262 vitam

391 1299 464 1380 egit
498 1317 684 1380 regemque
715 1317 753 1361 se
783 1298 1020 1380 insequentem
1050 1297 1159 1362 multo
1187 1304 1349 1381 tempore

388 1398 544 1464 vexavit.

677 1546 807 1633 Serqies
813 1567 906 1633 papa
920 1554 1056 1617 aecta.

233 1699 356 1739 annm.
444 1667 550 1734 Anno
570 1670 713 1734 Domini
736 1664 1000 1752 r11x.⁸Sergius
1019 1670 1109 1734 sedit
1125 1669 1162 1733 in
1178 1669 1351 1735 cathedra

232 1749 365 1848 ww·
395 1768 557 1833 Romana
597 1771 696 1835 annis
738 1770 874 1835 duobus
912 1779 949 1835 et
988 1770 1161 1834 mensibus
1204 1790 1348 1836 novem.

394 1868 525 1933 Eodem
554 1888 646 1934 anno
678 1862 841 1934 defuncto
871 1869 1060 1948 Brithrico,
1085 1869 1351 1934 Scireburnensi

394 1968 570 2050 pontifice,
586 1961 767 2033 ⁴Elmarns
783 1970 962 2034 successit.

608 2167 658 2230 De
672 2166 804 2230 victoria
813 2166 994 2251 proditioue
1007 2163 1136 2230 olma.

233 2297 359 2386 Μελ
447 2280 551 2346 Anno
585 2281 726 2345 Domini
755 2298 825 2345 nx.
851 2275 980 2347 ‘novus
1006 2280 1186 2344 Danornm
1215 2281 1354 2345 exerei-

235 2396 363 2447 arpwaa
398 2387 455 2444 tus
478 2381 570 2462 apud
593 2379 827 2464 Gipeswicum
851 2381 993 2444 veniens
1018 2381 1055 2444 in
1077 2380 1132 2444 die
1154 2379 1351 2446 Dominicae

398 2480 621 2557 ascensionis,
653 2481 778 2561 praedis
806 2479 932 2544 ibidem
959 2480 1107 2543 vacabat
1138 2488 1174 2545 et
1204 2480 1350 2562 rapinis.

399 2578 612 2660 congregati
644 2587 726 2642 sunt
758 2588 880 2644 contra
909 2598 986 2642 eum
1016 2579 1061 2642 ad
1090 2598 1244 2661 pugnam
1274 2579 1350 2644 dux

400 2677 636 2755 Ethelstanus,
655 2679 809 2742 sororius
830 2680 936 2760 regis,
953 2679 1086 2743 Oswini
1109 2687 1145 2743 et
1167 2678 1291 2742 Eadwi
1312 2687 1350 2745 et

398 2777 552 2841 Wlferus
576 2778 748 2853 consules,
774 2785 809 2841 et
834 2778 934 2841 multi
956 2797 1033 2842 cum
1062 2778 1112 2841 eis
1138 2778 1349 2860 bellatores3

368 2935 370 2938 ,
398 2877 470 2953 sed,
481 2875 609 2957 Anglis
623 2877 742 2960 fugam
759 2897 826 2941 non
843 2877 1102 2956 meditantibus,
1116 2871 1348 2942 ⁶Turketillus

398 2985 497 3057 patre
519 2977 643 3040 Dauus
670 2977 789 3058 fugam
818 2977 950 3058 primns
974 2978 1115 3058 incepit,
1140 2976 1231 3041 unde
1254 2976 1351 3043 Dani

400 3074 580 3139 victoriam
612 3076 729 3159 adepti
762 3075 1019 3158 East·angliam
1050 3083 1086 3139 et
1114 3074 1351 3158 Grantebrige

399 3193 476 3236 cum
490 3176 576 3257 ipsis
590 3176 775 3257 paludibus
792 3181 1036 3259 pervagantes,
1054 3175 1185 3256 rapinis
1198 3194 1350 3258 quaeque

399 3273 465 3336 sibi
479 3275 583 3339 obvia
596 3283 632 3339 et
645 3274 811 3339 incendiis
828 3275 1076 3354 devastabant3
1093 3273 1215 3338 deinde
1226 3295 1351 3340 versus

399 3372 610 3438 occidentem
641 3375 864 3452 divertentes,
903 3374 1103 3456 provincias
1135 3372 1349 3438 Huntendu·

433 3584 537 3636 ¹Jursit
551 3589 660 3652 peruri]
684 3591 718 3639 So
737 3591 779 3639 the
797 3592 858 3641 Snx.
885 3607 955 3653 year,
965 3590 1050 3640 before
1059 3590 1102 3640 the
1111 3591 1351 3653 btth153Mansi.

399 3655 503 3717 Chrom,
514 3658 658 3720 Huntingd.
670 3658 720 3709 und
732 3660 799 3711 Flor.
920 3659 930 3688 ‘
942 3661 1078 3724 simma
1096 3660 1134 3710 Ol
1141 3661 1184 3710 the
1195 3664 1255 3712 time
1266 3664 1296 3712 of
1309 3665 1352 3715 his

434 3723 622 3791 'Wlaotbum.]
639 3729 682 3778 lle
692 3744 747 3778 was
763 3730 805 3779 the
822 3730 859 3779 ia·
885 3731 961 3778 death
973 3730 1077 3791 nothing
1087 3731 1110 3779 is
1121 3730 1224 3780 known.

399 3796 455 3844 ther
465 3795 493 3844 oi
501 3797 670 3847 eurlGodwin
680 3815 688 3859 ;
699 3799 860 3850 Samchron.
921 3797 1024 3848 ‘Nonus
1047 3800 1173 3850 nomm
1191 3801 1325 3854 exercitu.
1339 3805 1351 3867 ]

399 3865 432 3914 ad
448 3881 490 3915 an.
509 3871 583 3926 10⁰9,
600 3868 684 3917 where
703 3869 723 3916 it
739 3870 761 3917 is
778 3869 859 3918 stated
885 3869 938 3917 The
950 3875 1036 3920 events
1052 3869 1081 3918 oi
1093 3871 1144 3918 this
1158 3885 1220 3931 year
1233 3886 1277 3920 are
1293 3875 1350 3923 told

399 3935 454 3984 that
470 3935 513 3984 the
529 3939 673 3985 accusation
690 3937 719 3985 oi
731 3938 861 3988 Wulfurth
886 3945 996 3987 moreat
1013 3939 1099 4002 length
1117 3941 1151 4001 by
1169 3941 1246 4000 Flos,
1263 3941 1353 3992 Hnnt-

399 4005 460 4054 took
470 4006 544 4067 place
555 4007 581 4055 in
592 4006 643 4056 this
652 4022 723 4069 year,
733 4023 761 4056 or
770 4024 785 4056 a
795 4008 861 4057 little
887 4009 957 4070 lugd.
968 4008 1018 4057 aud
1029 4010 1055 4058 in
1066 4010 1108 4057 the
1119 4010 1180 4059 Sar.
1190 4010 1284 4059 chron.

398 4074 492 4124 before.
921 4075 1134 4141 turketulus]
1163 4080 1351 4140 ‘cognomento

435 4141 578 4208 'Sergius,]
588 4144 630 4194 the
641 4144 734 4195 fourth.
752 4147 860 4196 Hedied
888 4147 1091 4209 Myranheat'od,'
1115 4148 1202 4208 Flor.;
1233 4150 1280 4199 ‘id
1300 4158 1352 4215 est,

400 4213 425 4260 in
438 4217 513 4276 1⁰12,
523 4215 601 4264 about
610 4214 653 4264 the
664 4215 758 4265 middle
775 4215 804 4266 oi
817 4217 860 4268 the
886 4222 965 4279 eaput
975 4211 1102 4278 fornice:
1113 4217 1257 4282 Hnntingd.
