<?xml version="1.0" encoding="UTF-8"?>
<!DOCTYPE html PUBLIC "-//W3C//DTD XHTML 1.0 Transitional//EN"
    "http://www.w3.org/TR/xhtml1/DTD/xhtml1-transitional.dtd">
<html xmlns="http://www.w3.org/1999/xhtml" xml:lang="en" lang="en">
 <head>
  <title>
</title>
<meta http-equiv="Content-Type" content="text/html;charset=utf-8" />
  <meta name='ocr-system' content='tesseract 3.04.00' />
  <meta name='ocr-capabilities' content='ocr_page ocr_carea ocr_par ocr_line ocrx_word'/>
</head>
<body>
  <div class='ocr_page' id='page_1' title='image "./rogeridewendove04rogegoog_0523.png"; bbox 0 0 2888 4852; ppageno 0'>
   <div class='ocr_carea' id='block_1_1' title="bbox 363 403 1058 471">
    <p class='ocr_par' dir='ltr' id='par_1_1' title="bbox 363 403 1058 471">
     <span class='ocr_line' id='line_1_1' title="bbox 363 403 1058 471; baseline 0.004 -3"><span class='ocrx_word' id='word_1_1' title='bbox 363 403 429 468; x_wconf 78' lang='lat'><strong>480</strong></span> <span class='ocrx_word' id='word_1_2' title='bbox 624 421 760 469; x_wconf 83' lang='lat' dir='ltr'><strong>nocnur</strong></span> <span class='ocrx_word' id='word_1_3' title='bbox 783 423 830 469; x_wconf 87' lang='lat' dir='ltr'><strong>nn</strong></span> <span class='ocrx_word' id='word_1_4' title='bbox 853 422 1058 471; x_wconf 82' lang='lat' dir='ltr'><strong>wunnovnn</strong></span> 
     </span>
    </p>
   </div>
   <div class='ocr_carea' id='block_1_2' title="bbox 299 578 1324 3330">
    <p class='ocr_par' dir='ltr' id='par_1_2' title="bbox 299 578 1324 3330">
     <span class='ocr_line' id='line_1_2' title="bbox 366 578 1323 663; baseline 0.001 -21"><span class='ocrx_word' id='word_1_5' title='bbox 366 579 476 656; x_wconf 89' lang='lat' dir='ltr'><strong>tiosis,</strong></span> <span class='ocrx_word' id='word_1_6' title='bbox 503 578 555 642; x_wconf 90' lang='lat' dir='ltr'><strong>ita</strong></span> <span class='ocrx_word' id='word_1_7' title='bbox 577 578 784 656; x_wconf 87' lang='lat' dir='ltr'><strong>effuderunt,</strong></span> <span class='ocrx_word' id='word_1_8' title='bbox 812 580 905 663; x_wconf 92' lang='lat' dir='ltr'><strong>quod</strong></span> <span class='ocrx_word' id='word_1_9' title='bbox 934 598 1045 662; x_wconf 90' lang='lat' dir='ltr'><strong>usque</strong></span> <span class='ocrx_word' id='word_1_10' title='bbox 1075 578 1111 642; x_wconf 94' lang='lat' dir='ltr'><strong>in</strong></span> <span class='ocrx_word' id='word_1_11' title='bbox 1136 578 1227 642; x_wconf 91' lang='lat' dir='ltr'><strong>diem</strong></span> <span class='ocrx_word' id='word_1_12' title='bbox 1255 578 1323 643; x_wconf 94' lang='lat' dir='ltr'><strong>ho·</strong></span> 
     </span>
     <span class='ocr_line' id='line_1_3' title="bbox 365 677 1324 756; baseline 0.003 -16"><span class='ocrx_word' id='word_1_13' title='bbox 365 678 521 742; x_wconf 89' lang='lat' dir='ltr'><strong>diernnm</strong></span> <span class='ocrx_word' id='word_1_14' title='bbox 547 679 582 741; x_wconf 94' lang='lat' dir='ltr'><strong>in</strong></span> <span class='ocrx_word' id='word_1_15' title='bbox 609 680 789 756; x_wconf 91' lang='lat' dir='ltr'><strong>conviviis,</strong></span> <span class='ocrx_word' id='word_1_16' title='bbox 813 679 966 744; x_wconf 81' lang='lat' dir='ltr'><strong>tabernis</strong></span> <span class='ocrx_word' id='word_1_17' title='bbox 987 687 1021 744; x_wconf 92' lang='lat' dir='ltr'><strong>et</strong></span> <span class='ocrx_word' id='word_1_18' title='bbox 1038 678 1115 742; x_wconf 86' lang='lat' dir='ltr'><strong>aliis</strong></span> <span class='ocrx_word' id='word_1_19' title='bbox 1138 677 1324 743; x_wconf 89' lang='lat' dir='ltr'><strong>hominum</strong></span> 
     </span>
     <span class='ocr_line' id='line_1_4' title="bbox 367 778 1319 857; baseline 0.003 -16"><span class='ocrx_word' id='word_1_20' title='bbox 367 779 629 857; x_wconf 81' lang='lat' dir='ltr'><strong>conventiculis,</strong></span> <span class='ocrx_word' id='word_1_21' title='bbox 647 779 830 844; x_wconf 82' lang='lat' dir='ltr'><strong>histriones</strong></span> <span class='ocrx_word' id='word_1_22' title='bbox 855 786 890 843; x_wconf 91' lang='lat' dir='ltr'><strong>et</strong></span> <span class='ocrx_word' id='word_1_23' title='bbox 903 780 1017 842; x_wconf 81' lang='lat' dir='ltr'><strong>mimae</strong></span> <span class='ocrx_word' id='word_1_24' title='bbox 1034 778 1188 842; x_wconf 86' lang='lat' dir='ltr'><strong>fidicines</strong></span> <span class='ocrx_word' id='word_1_25' title='bbox 1205 785 1240 843; x_wconf 87' lang='lat' dir='ltr'><strong>et</strong></span> <span class='ocrx_word' id='word_1_26' title='bbox 1266 780 1319 844; x_wconf 89' lang='lat' dir='ltr'><strong>in·</strong></span> 
     </span>
     <span class='ocr_line' id='line_1_5' title="bbox 367 877 1324 959; baseline 0.001 -19"><span class='ocrx_word' id='word_1_27' title='bbox 367 879 568 942; x_wconf 88' lang='lat' dir='ltr'><strong>strumentis</strong></span> <span class='ocrx_word' id='word_1_28' title='bbox 590 887 625 943; x_wconf 88' lang='lat' dir='ltr'><strong>et</strong></span> <span class='ocrx_word' id='word_1_29' title='bbox 641 880 784 943; x_wconf 88' lang='lat' dir='ltr'><strong>canticis</strong></span> <span class='ocrx_word' id='word_1_30' title='bbox 801 879 890 943; x_wconf 87' lang='lat' dir='ltr'><strong>hanc</strong></span> <span class='ocrx_word' id='word_1_31' title='bbox 908 879 1123 943; x_wconf 86' lang='lat' dir='ltr'><strong>nobilitatem</strong></span> <span class='ocrx_word' id='word_1_32' title='bbox 1138 877 1243 959; x_wconf 81' lang='lat' dir='ltr'><strong>digne</strong></span> <span class='ocrx_word' id='word_1_33' title='bbox 1268 879 1324 941; x_wconf 87' lang='lat' dir='ltr'><strong>ef-</strong></span> 
     </span>
     <span class='ocr_line' id='line_1_6' title="bbox 366 976 1323 1060; baseline 0.003 -21"><span class='ocrx_word' id='word_1_34' title='bbox 366 976 455 1040; x_wconf 86' lang='lat' dir='ltr'><strong>ferre</strong></span> <span class='ocrx_word' id='word_1_35' title='bbox 471 997 540 1041; x_wconf 94' lang='lat' dir='ltr'><strong>non</strong></span> <span class='ocrx_word' id='word_1_36' title='bbox 555 977 728 1042; x_wconf 92' lang='lat' dir='ltr'><strong>sufficiunt</strong></span> <span class='ocrx_word' id='word_1_37' title='bbox 740 979 940 1060; x_wconf 83' lang='lat' dir='ltr'><strong>nuptialem.</strong></span> <span class='ocrx_word' id='word_1_38' title='bbox 972 978 1078 1043; x_wconf 87' lang='lat' dir='ltr'><strong>Stetit</strong></span> <span class='ocrx_word' id='word_1_39' title='bbox 1092 986 1207 1042; x_wconf 89' lang='lat' dir='ltr'><strong>autem</strong></span> <span class='ocrx_word' id='word_1_40' title='bbox 1223 978 1323 1042; x_wconf 88' lang='lat' dir='ltr'><strong>inter</strong></span> 
     </span>
     <span class='ocr_line' id='line_1_7' title="bbox 366 1077 1319 1161; baseline 0.004 -22"><span class='ocrx_word' id='word_1_41' title='bbox 366 1095 425 1139; x_wconf 92' lang='lat' dir='ltr'><strong>eos</strong></span> <span class='ocrx_word' id='word_1_42' title='bbox 442 1077 551 1140; x_wconf 91' lang='lat' dir='ltr'><strong>multo</strong></span> <span class='ocrx_word' id='word_1_43' title='bbox 567 1085 720 1160; x_wconf 89' lang='lat' dir='ltr'><strong>tempore</strong></span> <span class='ocrx_word' id='word_1_44' title='bbox 736 1078 848 1142; x_wconf 87' lang='lat' dir='ltr'><strong>soedus</strong></span> <span class='ocrx_word' id='word_1_45' title='bbox 871 1077 1054 1161; x_wconf 87' lang='lat' dir='ltr'><strong>conjugale</strong></span> <span class='ocrx_word' id='word_1_46' title='bbox 1072 1077 1231 1154; x_wconf 79' lang='lat' dir='ltr'><strong>illaesum,</strong></span> <span class='ocrx_word' id='word_1_47' title='bbox 1251 1078 1319 1143; x_wconf 86' lang='lat' dir='ltr'><strong>sed</strong></span> 
     </span>
     <span class='ocr_line' id='line_1_8' title="bbox 357 1174 1319 1259; baseline 0.003 -20"><span class='ocrx_word' id='word_1_48' title='bbox 357 1174 563 1253; x_wconf 80' lang='lat' dir='ltr'><strong>novissime,</strong></span> <span class='ocrx_word' id='word_1_49' title='bbox 594 1196 617 1240; x_wconf 90' lang='lat' dir='ltr'><strong>a</strong></span> <span class='ocrx_word' id='word_1_50' title='bbox 647 1177 912 1242; x_wconf 88' lang='lat' dir='ltr'><strong>seminatoribus</strong></span> <span class='ocrx_word' id='word_1_51' title='bbox 940 1177 1133 1254; x_wconf 88' lang='lat' dir='ltr'><strong>discordiae,</strong></span> <span class='ocrx_word' id='word_1_52' title='bbox 1163 1177 1319 1259; x_wconf 89' lang='lat' dir='ltr'><strong>impera-</strong></span> 
     </span>
     <span class='ocr_line' id='line_1_9' title="bbox 365 1275 1317 1359; baseline 0.003 -21"><span class='ocrx_word' id='word_1_53' title='bbox 365 1275 433 1338; x_wconf 88' lang='lat' dir='ltr'><strong>trix</strong></span> <span class='ocrx_word' id='word_1_54' title='bbox 462 1276 552 1357; x_wconf 89' lang='lat' dir='ltr'><strong>apnd</strong></span> <span class='ocrx_word' id='word_1_55' title='bbox 580 1277 821 1359; x_wconf 85' lang='lat' dir='ltr'><strong>imperatorem</strong></span> <span class='ocrx_word' id='word_1_56' title='bbox 842 1276 906 1341; x_wconf 90' lang='lat' dir='ltr'><strong>fuit</strong></span> <span class='ocrx_word' id='word_1_57' title='bbox 929 1276 1089 1340; x_wconf 87' lang='lat' dir='ltr'><strong>adulterii</strong></span> <span class='ocrx_word' id='word_1_58' title='bbox 1112 1275 1317 1356; x_wconf 87' lang='lat' dir='ltr'><strong>diffamata;</strong></span> 
     </span>
     <span class='ocr_line' id='line_1_10' title="bbox 365 1375 1321 1460; baseline 0.003 -22"><span class='ocrx_word' id='word_1_59' title='bbox 365 1377 547 1456; x_wconf 86' lang='lat' dir='ltr'><strong>oportebat</strong></span> <span class='ocrx_word' id='word_1_60' title='bbox 563 1396 646 1457; x_wconf 86' lang='lat' dir='ltr'><strong>crgo</strong></span> <span class='ocrx_word' id='word_1_61' title='bbox 661 1377 768 1460; x_wconf 86' lang='lat' dir='ltr'><strong>juxta</strong></span> <span class='ocrx_word' id='word_1_62' title='bbox 790 1377 1070 1440; x_wconf 88' lang='lat' dir='ltr'><strong>consuetudinem</strong></span> <span class='ocrx_word' id='word_1_63' title='bbox 1088 1375 1250 1458; x_wconf 85' lang='lat' dir='ltr'><strong>regionis,</strong></span> <span class='ocrx_word' id='word_1_64' title='bbox 1276 1385 1321 1441; x_wconf 92' lang='lat' dir='ltr'><strong>ut</strong></span> 
     </span>
     <span class='ocr_line' id='line_1_11' title="bbox 367 1469 1319 1557; baseline 0.003 -21"><span class='ocrx_word' id='word_1_65' title='bbox 367 1472 522 1538; x_wconf 87' lang='lat' dir='ltr'><strong>Gunilda</strong></span> <span class='ocrx_word' id='word_1_66' title='bbox 551 1495 613 1557; x_wconf 88' lang='lat' dir='ltr'><strong>per</strong></span> <span class='ocrx_word' id='word_1_67' title='bbox 635 1476 798 1552; x_wconf 91' lang='lat' dir='ltr'><strong>duellum,</strong></span> <span class='ocrx_word' id='word_1_68' title='bbox 825 1469 964 1540; x_wconf 85' lang='lat' dir='ltr'><strong>¹contra</strong></span> <span class='ocrx_word' id='word_1_69' title='bbox 987 1483 1236 1553; x_wconf 87' lang='lat' dir='ltr'><strong>accusatorem,</strong></span> <span class='ocrx_word' id='word_1_70' title='bbox 1259 1476 1319 1557; x_wconf 87' lang='lat' dir='ltr'><strong>gi-</strong></span> 
     </span>
     <span class='ocr_line' id='line_1_12' title="bbox 365 1574 1321 1658; baseline 0.004 -22"><span class='ocrx_word' id='word_1_71' title='bbox 365 1581 503 1654; x_wconf 85' lang='lat' dir='ltr'><strong>ganteae</strong></span> <span class='ocrx_word' id='word_1_72' title='bbox 527 1575 769 1640; x_wconf 87' lang='lat' dir='ltr'><strong>immensitatis</strong></span> <span class='ocrx_word' id='word_1_73' title='bbox 786 1574 971 1652; x_wconf 91' lang='lat' dir='ltr'><strong>bominem,</strong></span> <span class='ocrx_word' id='word_1_74' title='bbox 998 1575 1124 1638; x_wconf 83' lang='lat' dir='ltr'><strong>famam</strong></span> <span class='ocrx_word' id='word_1_75' title='bbox 1148 1595 1222 1639; x_wconf 85' lang='lat' dir='ltr'><strong>suae</strong></span> <span class='ocrx_word' id='word_1_76' title='bbox 1247 1595 1321 1658; x_wconf 91' lang='lat' dir='ltr'><strong>pu-</strong></span> 
     </span>
     <span class='ocr_line' id='line_1_13' title="bbox 365 1673 1320 1750; baseline 0.005 -15"><span class='ocrx_word' id='word_1_77' title='bbox 365 1673 480 1736; x_wconf 88' lang='lat' dir='ltr'><strong>ritatis</strong></span> <span class='ocrx_word' id='word_1_78' title='bbox 507 1674 697 1750; x_wconf 74' lang='lat' dir='ltr'><strong>redimeret</strong></span> <span class='ocrx_word' id='word_1_79' title='bbox 730 1675 790 1739; x_wconf 91' lang='lat' dir='ltr'><strong>sed</strong></span> <span class='ocrx_word' id='word_1_80' title='bbox 816 1695 861 1739; x_wconf 88' lang='lat' dir='ltr'><strong>cx</strong></span> <span class='ocrx_word' id='word_1_81' title='bbox 882 1675 1041 1738; x_wconf 90' lang='lat' dir='ltr'><strong>omnibus</strong></span> <span class='ocrx_word' id='word_1_82' title='bbox 1070 1674 1235 1739; x_wconf 88' lang='lat' dir='ltr'><strong>militibus</strong></span> <span class='ocrx_word' id='word_1_83' title='bbox 1257 1677 1320 1740; x_wconf 92' lang='lat' dir='ltr'><strong>vel</strong></span> 
     </span>
     <span class='ocr_line' id='line_1_14' title="bbox 365 1773 1318 1857; baseline 0.006 -23"><span class='ocrx_word' id='word_1_84' title='bbox 365 1773 544 1850; x_wconf 89' lang='lat' dir='ltr'><strong>ministris,</strong></span> <span class='ocrx_word' id='word_1_85' title='bbox 568 1775 724 1855; x_wconf 92' lang='lat' dir='ltr'><strong>quicum</strong></span> <span class='ocrx_word' id='word_1_86' title='bbox 746 1773 807 1837; x_wconf 91' lang='lat' dir='ltr'><strong>illa</strong></span> <span class='ocrx_word' id='word_1_87' title='bbox 830 1775 874 1838; x_wconf 90' lang='lat' dir='ltr'><strong>ab</strong></span> <span class='ocrx_word' id='word_1_88' title='bbox 892 1773 1023 1857; x_wconf 84' lang='lat' dir='ltr'><strong>Anglia</strong></span> <span class='ocrx_word' id='word_1_89' title='bbox 1046 1782 1225 1851; x_wconf 88' lang='lat' dir='ltr'><strong>venerant,</strong></span> <span class='ocrx_word' id='word_1_90' title='bbox 1248 1794 1318 1840; x_wconf 88' lang='lat' dir='ltr'><strong>nec</strong></span> 
     </span>
     <span class='ocr_line' id='line_1_15' title="bbox 365 1873 1319 1957; baseline 0.006 -25"><span class='ocrx_word' id='word_1_91' title='bbox 365 1890 455 1934; x_wconf 92' lang='lat' dir='ltr'><strong>unus</strong></span> <span class='ocrx_word' id='word_1_92' title='bbox 478 1873 639 1936; x_wconf 90' lang='lat' dir='ltr'><strong>inventus</strong></span> <span class='ocrx_word' id='word_1_93' title='bbox 657 1880 722 1949; x_wconf 87' lang='lat' dir='ltr'><strong>est,</strong></span> <span class='ocrx_word' id='word_1_94' title='bbox 747 1873 818 1955; x_wconf 91' lang='lat' dir='ltr'><strong>qui,</strong></span> <span class='ocrx_word' id='word_1_95' title='bbox 833 1880 976 1957; x_wconf 90' lang='lat' dir='ltr'><strong>propter</strong></span> <span class='ocrx_word' id='word_1_96' title='bbox 994 1873 1197 1938; x_wconf 88' lang='lat' dir='ltr'><strong>horrendam</strong></span> <span class='ocrx_word' id='word_1_97' title='bbox 1219 1873 1319 1938; x_wconf 88' lang='lat' dir='ltr'><strong>illius</strong></span> 
     </span>
     <span class='ocr_line' id='line_1_16' title="bbox 299 1972 1317 2063; baseline 0.005 -30"><span class='ocrx_word' id='word_1_98' title='bbox 299 2046 302 2052; x_wconf 20' lang='lat'><em>4</em></span> <span class='ocrx_word' id='word_1_99' title='bbox 365 1972 519 2053; x_wconf 90' lang='lat' dir='ltr'><strong>corporis</strong></span> <span class='ocrx_word' id='word_1_100' title='bbox 529 1972 805 2050; x_wconf 89' lang='lat' dir='ltr'><strong>immensitatem,</strong></span> <span class='ocrx_word' id='word_1_101' title='bbox 815 1972 978 2063; x_wconf 84' lang='lat' dir='ltr'><strong>congredi</strong></span> <span class='ocrx_word' id='word_1_102' title='bbox 987 1991 1064 2036; x_wconf 92' lang='lat' dir='ltr'><strong>cum</strong></span> <span class='ocrx_word' id='word_1_103' title='bbox 1074 1973 1149 2055; x_wconf 94' lang='lat' dir='ltr'><strong>ipso</strong></span> <span class='ocrx_word' id='word_1_104' title='bbox 1159 1973 1317 2038; x_wconf 89' lang='lat' dir='ltr'><strong>auderet.</strong></span> 
     </span>
     <span class='ocr_line' id='line_1_17' title="bbox 366 2065 1319 2155; baseline 0.005 -23"><span class='ocrx_word' id='word_1_105' title='bbox 366 2065 433 2133; x_wconf 74' lang='lat' dir='ltr'><strong>Se‘d</strong></span> <span class='ocrx_word' id='word_1_106' title='bbox 449 2091 526 2134; x_wconf 91' lang='lat' dir='ltr'><strong>cum</strong></span> <span class='ocrx_word' id='word_1_107' title='bbox 542 2069 705 2135; x_wconf 83' lang='lat' dir='ltr'><strong>Gunildee</strong></span> <span class='ocrx_word' id='word_1_108' title='bbox 719 2073 890 2153; x_wconf 86' lang='lat' dir='ltr'><strong>angustiae</strong></span> <span class='ocrx_word' id='word_1_109' title='bbox 913 2080 1029 2136; x_wconf 87' lang='lat' dir='ltr'><strong>essent</strong></span> <span class='ocrx_word' id='word_1_110' title='bbox 1046 2072 1208 2154; x_wconf 90' lang='lat' dir='ltr'><strong>undique,</strong></span> <span class='ocrx_word' id='word_1_111' title='bbox 1226 2092 1319 2155; x_wconf 89' lang='lat' dir='ltr'><strong>puer</strong></span> 
     </span>
     <span class='ocr_line' id='line_1_18' title="bbox 365 2169 1320 2253; baseline 0.002 -19"><span class='ocrx_word' id='word_1_112' title='bbox 365 2171 518 2252; x_wconf 89' lang='lat' dir='ltr'><strong>quidam,</strong></span> <span class='ocrx_word' id='word_1_113' title='bbox 530 2191 630 2253; x_wconf 91' lang='lat' dir='ltr'><strong>quem</strong></span> <span class='ocrx_word' id='word_1_114' title='bbox 648 2172 692 2235; x_wconf 88' lang='lat' dir='ltr'><strong>ab</strong></span> <span class='ocrx_word' id='word_1_115' title='bbox 705 2169 835 2253; x_wconf 86' lang='lat' dir='ltr'><strong>Anglia</strong></span> <span class='ocrx_word' id='word_1_116' title='bbox 849 2171 1042 2235; x_wconf 87' lang='lat' dir='ltr'><strong>adduxerat</strong></span> <span class='ocrx_word' id='word_1_117' title='bbox 1058 2173 1144 2235; x_wconf 92' lang='lat' dir='ltr'><strong>etin</strong></span> <span class='ocrx_word' id='word_1_118' title='bbox 1160 2191 1224 2236; x_wconf 89' lang='lat' dir='ltr'><strong>sno</strong></span> <span class='ocrx_word' id='word_1_119' title='bbox 1236 2171 1320 2236; x_wconf 87' lang='lat' dir='ltr'><strong>tha-</strong></span> 
     </span>
     <span class='ocr_line' id='line_1_19' title="bbox 365 2268 1320 2355; baseline 0.004 -23"><span class='ocrx_word' id='word_1_120' title='bbox 365 2268 457 2334; x_wconf 88' lang='lat' dir='ltr'><strong>lamo</strong></span> <span class='ocrx_word' id='word_1_121' title='bbox 481 2270 700 2348; x_wconf 86' lang='lat' dir='ltr'><strong>educaverat,</strong></span> <span class='ocrx_word' id='word_1_122' title='bbox 715 2271 786 2353; x_wconf 91' lang='lat' dir='ltr'><strong>qui,</strong></span> <span class='ocrx_word' id='word_1_123' title='bbox 805 2271 888 2352; x_wconf 91' lang='lat' dir='ltr'><strong>quia</strong></span> <span class='ocrx_word' id='word_1_124' title='bbox 904 2290 1016 2334; x_wconf 88' lang='lat' dir='ltr'><strong>nanus</strong></span> <span class='ocrx_word' id='word_1_125' title='bbox 1033 2278 1107 2335; x_wconf 90' lang='lat' dir='ltr'><strong>erat</strong></span> <span class='ocrx_word' id='word_1_126' title='bbox 1123 2279 1157 2336; x_wconf 89' lang='lat' dir='ltr'><strong>et</strong></span> <span class='ocrx_word' id='word_1_127' title='bbox 1172 2280 1320 2355; x_wconf 89' lang='lat' dir='ltr'><strong>propter</strong></span> 
     </span>
     <span class='ocr_line' id='line_1_20' title="bbox 365 2368 1318 2452; baseline 0.002 -20"><span class='ocrx_word' id='word_1_128' title='bbox 365 2368 518 2451; x_wconf 89' lang='lat' dir='ltr'><strong>corporis</strong></span> <span class='ocrx_word' id='word_1_129' title='bbox 535 2371 755 2452; x_wconf 86' lang='lat' dir='ltr'><strong>parvitatem,</strong></span> <span class='ocrx_word' id='word_1_130' title='bbox 771 2369 943 2434; x_wconf 90' lang='lat' dir='ltr'><strong>Mimecau</strong></span> <span class='ocrx_word' id='word_1_131' title='bbox 955 2369 1144 2447; x_wconf 89' lang='lat' dir='ltr'><strong>dicebatur,</strong></span> <span class='ocrx_word' id='word_1_132' title='bbox 1162 2370 1318 2434; x_wconf 92' lang='lat' dir='ltr'><strong>duellum</strong></span> 
     </span>
     <span class='ocr_line' id='line_1_21' title="bbox 365 2463 1318 2552; baseline 0.007 -22"><span class='ocrx_word' id='word_1_133' title='bbox 365 2487 428 2549; x_wconf 90' lang='lat' dir='ltr'><strong>pro</strong></span> <span class='ocrx_word' id='word_1_134' title='bbox 445 2463 595 2545; x_wconf 88' lang='lat' dir='ltr'><strong>domina,</strong></span> <span class='ocrx_word' id='word_1_135' title='bbox 614 2469 713 2552; x_wconf 90' lang='lat' dir='ltr'><strong>cujus</strong></span> <span class='ocrx_word' id='word_1_136' title='bbox 734 2471 918 2551; x_wconf 88' lang='lat' dir='ltr'><strong>puritatem</strong></span> <span class='ocrx_word' id='word_1_137' title='bbox 935 2478 1090 2546; x_wconf 88' lang='lat' dir='ltr'><strong>noverat,</strong></span> <span class='ocrx_word' id='word_1_138' title='bbox 1105 2470 1257 2552; x_wconf 90' lang='lat' dir='ltr'><strong>suscepit</strong></span> <span class='ocrx_word' id='word_1_139' title='bbox 1278 2480 1318 2537; x_wconf 89' lang='lat' dir='ltr'><strong>et</strong></span> 
     </span>
     <span class='ocr_line' id='line_1_22' title="bbox 366 2569 1317 2653; baseline 0.004 -23"><span class='ocrx_word' id='word_1_140' title='bbox 366 2574 524 2631; x_wconf 88' lang='lat' dir='ltr'><strong>conserto</strong></span> <span class='ocrx_word' id='word_1_141' title='bbox 555 2588 633 2630; x_wconf 92' lang='lat' dir='ltr'><strong>cum</strong></span> <span class='ocrx_word' id='word_1_142' title='bbox 664 2569 806 2650; x_wconf 85' lang='lat' dir='ltr'><strong>gigante</strong></span> <span class='ocrx_word' id='word_1_143' title='bbox 831 2569 964 2652; x_wconf 88' lang='lat' dir='ltr'><strong>praelio,</strong></span> <span class='ocrx_word' id='word_1_144' title='bbox 996 2590 1057 2650; x_wconf 88' lang='lat' dir='ltr'><strong>per</strong></span> <span class='ocrx_word' id='word_1_145' title='bbox 1078 2570 1210 2653; x_wconf 89' lang='lat' dir='ltr'><strong>justum</strong></span> <span class='ocrx_word' id='word_1_146' title='bbox 1244 2571 1317 2634; x_wconf 88' lang='lat' dir='ltr'><strong>Dei</strong></span> 
     </span>
     <span class='ocr_line' id='line_1_23' title="bbox 360 2665 1316 2751; baseline 0.005 -22"><span class='ocrx_word' id='word_1_147' title='bbox 360 2665 529 2750; x_wconf 90' lang='lat' dir='ltr'><strong>judicium</strong></span> <span class='ocrx_word' id='word_1_148' title='bbox 544 2669 689 2750; x_wconf 83' lang='lat' dir='ltr'><strong>praeciso</strong></span> <span class='ocrx_word' id='word_1_149' title='bbox 704 2669 835 2751; x_wconf 90' lang='lat' dir='ltr'><strong>poplite</strong></span> <span class='ocrx_word' id='word_1_150' title='bbox 860 2669 965 2745; x_wconf 90' lang='lat' dir='ltr'><strong>illins,</strong></span> <span class='ocrx_word' id='word_1_151' title='bbox 982 2669 1095 2750; x_wconf 90' lang='lat' dir='ltr'><strong>ipsum</strong></span> <span class='ocrx_word' id='word_1_152' title='bbox 1113 2671 1316 2750; x_wconf 88' lang='lat' dir='ltr'><strong>enervavit;</strong></span> 
     </span>
     <span class='ocr_line' id='line_1_24' title="bbox 366 2768 1315 2851; baseline 0.003 -22"><span class='ocrx_word' id='word_1_153' title='bbox 366 2786 434 2847; x_wconf 92' lang='lat' dir='ltr'><strong>quo</strong></span> <span class='ocrx_word' id='word_1_154' title='bbox 452 2774 574 2831; x_wconf 88' lang='lat' dir='ltr'><strong>ruente</strong></span> <span class='ocrx_word' id='word_1_155' title='bbox 590 2768 625 2830; x_wconf 90' lang='lat' dir='ltr'><strong>in</strong></span> <span class='ocrx_word' id='word_1_156' title='bbox 640 2776 779 2844; x_wconf 89' lang='lat' dir='ltr'><strong>terram,</strong></span> <span class='ocrx_word' id='word_1_157' title='bbox 791 2768 1029 2831; x_wconf 89' lang='lat' dir='ltr'><strong>Mimecannus</strong></span> <span class='ocrx_word' id='word_1_158' title='bbox 1041 2777 1146 2851; x_wconf 88' lang='lat' dir='ltr'><strong>capnt</strong></span> <span class='ocrx_word' id='word_1_159' title='bbox 1159 2769 1315 2850; x_wconf 86' lang='lat' dir='ltr'><strong>gigantis</strong></span> 
     </span>
     <span class='ocr_line' id='line_1_25' title="bbox 366 2866 1317 2949; baseline 0.006 -21"><span class='ocrx_word' id='word_1_160' title='bbox 366 2874 582 2948; x_wconf 87' lang='lat' dir='ltr'><strong>amputatum</strong></span> <span class='ocrx_word' id='word_1_161' title='bbox 597 2866 744 2930; x_wconf 86' lang='lat' dir='ltr'><strong>dominae</strong></span> <span class='ocrx_word' id='word_1_162' title='bbox 760 2886 832 2930; x_wconf 87' lang='lat' dir='ltr'><strong>suae</strong></span> <span class='ocrx_word' id='word_1_163' title='bbox 847 2868 932 2931; x_wconf 91' lang='lat' dir='ltr'><strong>illud</strong></span> <span class='ocrx_word' id='word_1_164' title='bbox 948 2869 1183 2949; x_wconf 85' lang='lat' dir='ltr'><strong>praesentavit.</strong></span> <span class='ocrx_word' id='word_1_165' title='bbox 1212 2868 1317 2934; x_wconf 89' lang='lat' dir='ltr'><strong>Tunc</strong></span> 
     </span>
     <span class='ocr_line' id='line_1_26' title="bbox 365 2964 1316 3051; baseline 0.006 -24"><span class='ocrx_word' id='word_1_166' title='bbox 365 2964 581 3048; x_wconf 85' lang='lat' dir='ltr'><strong>imperatrix,</strong></span> <span class='ocrx_word' id='word_1_167' title='bbox 596 2986 641 3030; x_wconf 86' lang='lat' dir='ltr'><strong>ex</strong></span> <span class='ocrx_word' id='word_1_168' title='bbox 649 2968 826 3049; x_wconf 88' lang='lat' dir='ltr'><strong>insperato</strong></span> <span class='ocrx_word' id='word_1_169' title='bbox 836 2967 960 3048; x_wconf 89' lang='lat' dir='ltr'><strong>gavisa</strong></span> <span class='ocrx_word' id='word_1_170' title='bbox 968 2968 1155 3050; x_wconf 89' lang='lat' dir='ltr'><strong>triumpho,</strong></span> <span class='ocrx_word' id='word_1_171' title='bbox 1164 2969 1316 3051; x_wconf 89' lang='lat' dir='ltr'><strong>impera·</strong></span> 
     </span>
     <span class='ocr_line' id='line_1_27' title="bbox 366 3066 1314 3150; baseline 0.004 -20"><span class='ocrx_word' id='word_1_172' title='bbox 366 3067 434 3130; x_wconf 90' lang='lat' dir='ltr'><strong>tori</strong></span> <span class='ocrx_word' id='word_1_173' title='bbox 462 3066 641 3149; x_wconf 89' lang='lat' dir='ltr'><strong>repudium</strong></span> <span class='ocrx_word' id='word_1_174' title='bbox 663 3067 756 3143; x_wconf 86' lang='lat' dir='ltr'><strong>fecit,</strong></span> <span class='ocrx_word' id='word_1_175' title='bbox 773 3086 836 3130; x_wconf 93' lang='lat' dir='ltr'><strong>nec</strong></span> <span class='ocrx_word' id='word_1_176' title='bbox 853 3067 946 3130; x_wconf 88' lang='lat' dir='ltr'><strong>ultra</strong></span> <span class='ocrx_word' id='word_1_177' title='bbox 965 3067 1067 3130; x_wconf 88' lang='lat' dir='ltr'><strong>minis</strong></span> <span class='ocrx_word' id='word_1_178' title='bbox 1082 3069 1173 3133; x_wconf 91' lang='lat' dir='ltr'><strong>vinci</strong></span> <span class='ocrx_word' id='word_1_179' title='bbox 1198 3070 1314 3150; x_wconf 88' lang='lat' dir='ltr'><strong>potnit</strong></span> 
     </span>
     <span class='ocr_line' id='line_1_28' title="bbox 366 3165 1316 3251; baseline 0.005 -23"><span class='ocrx_word' id='word_1_180' title='bbox 366 3173 427 3228; x_wconf 88' lang='lat' dir='ltr'><strong>aut</strong></span> <span class='ocrx_word' id='word_1_181' title='bbox 444 3165 632 3244; x_wconf 81' lang='lat' dir='ltr'><strong>blanditiis,</strong></span> <span class='ocrx_word' id='word_1_182' title='bbox 656 3175 696 3231; x_wconf 94' lang='lat' dir='ltr'><strong>ut</strong></span> <span class='ocrx_word' id='word_1_183' title='bbox 713 3174 827 3231; x_wconf 90' lang='lat' dir='ltr'><strong>torum</strong></span> <span class='ocrx_word' id='word_1_184' title='bbox 848 3166 923 3250; x_wconf 91' lang='lat' dir='ltr'><strong>ejus</strong></span> <span class='ocrx_word' id='word_1_185' title='bbox 947 3169 1130 3233; x_wconf 87' lang='lat' dir='ltr'><strong>ascendere</strong></span> <span class='ocrx_word' id='word_1_186' title='bbox 1153 3168 1316 3251; x_wconf 89' lang='lat' dir='ltr'><strong>deinceps</strong></span> 
     </span>
     <span class='ocr_line' id='line_1_29' title="bbox 366 3266 587 3330; baseline 0.009 -2"><span class='ocrx_word' id='word_1_187' title='bbox 366 3266 587 3330; x_wconf 87' lang='lat' dir='ltr'><strong>consentiret.</strong></span> 
     </span>
    </p>
   </div>
   <div class='ocr_carea' id='block_1_3' title="bbox 398 3438 1284 3524">
    <p class='ocr_par' dir='ltr' id='par_1_3' title="bbox 398 3438 1284 3524">
     <span class='ocr_line' id='line_1_30' title="bbox 398 3438 1284 3524; baseline -0.001 -22"><span class='ocrx_word' id='word_1_188' title='bbox 398 3439 447 3502; x_wconf 81' lang='lat' dir='ltr'><strong>Dc</strong></span> <span class='ocrx_word' id='word_1_189' title='bbox 460 3440 635 3524; x_wconf 79' lang='lat' dir='ltr'><strong>episcopata</strong></span> <span class='ocrx_word' id='word_1_190' title='bbox 651 3439 776 3504; x_wconf 78' lang='lat' dir='ltr'><strong>cuidam</strong></span> <span class='ocrx_word' id='word_1_191' title='bbox 792 3441 902 3504; x_wconf 78' lang='lat' dir='ltr'><strong>clerico</strong></span> <span class='ocrx_word' id='word_1_192' title='bbox 912 3461 973 3524; x_wconf 84' lang='lat' dir='ltr'><strong>per</strong></span> <span class='ocrx_word' id='word_1_193' title='bbox 986 3440 1148 3504; x_wconf 74' lang='lat' dir='ltr'><strong>alumniam</strong></span> <span class='ocrx_word' id='word_1_194' title='bbox 1164 3438 1284 3503; x_wconf 65' lang='lat' dir='ltr'><strong>collato.</strong></span> 
     </span>
    </p>
   </div>
   <div class='ocr_carea' id='block_1_4' title="bbox 365 3557 1316 3945">
    <p class='ocr_par' dir='ltr' id='par_1_4' title="bbox 365 3557 1316 3945">
     <span class='ocr_line' id='line_1_31' title="bbox 418 3557 1316 3646; baseline -0.001 -19"><span class='ocrx_word' id='word_1_195' title='bbox 418 3557 533 3627; x_wconf 85' lang='lat' dir='ltr'><strong>Idem²</strong></span> <span class='ocrx_word' id='word_1_196' title='bbox 552 3565 751 3646; x_wconf 90' lang='lat' dir='ltr'><strong>imperator,</strong></span> <span class='ocrx_word' id='word_1_197' title='bbox 769 3572 867 3645; x_wconf 91' lang='lat' dir='ltr'><strong>patre</strong></span> <span class='ocrx_word' id='word_1_198' title='bbox 884 3563 1045 3628; x_wconf 88' lang='lat' dir='ltr'><strong>Conrado</strong></span> <span class='ocrx_word' id='word_1_199' title='bbox 1063 3563 1175 3627; x_wconf 91' lang='lat' dir='ltr'><strong>adhuc</strong></span> <span class='ocrx_word' id='word_1_200' title='bbox 1192 3583 1316 3645; x_wconf 90' lang='lat' dir='ltr'><strong>super·</strong></span> 
     </span>
     <span class='ocr_line' id='line_1_32' title="bbox 366 3663 1315 3746; baseline 0.002 -20"><span class='ocrx_word' id='word_1_201' title='bbox 366 3663 459 3739; x_wconf 87' lang='lat' dir='ltr'><strong>stite,</strong></span> <span class='ocrx_word' id='word_1_202' title='bbox 491 3683 513 3725; x_wconf 93' lang='lat' dir='ltr'><strong>a</strong></span> <span class='ocrx_word' id='word_1_203' title='bbox 544 3663 667 3726; x_wconf 91' lang='lat' dir='ltr'><strong>clerico</strong></span> <span class='ocrx_word' id='word_1_204' title='bbox 695 3664 844 3746; x_wconf 90' lang='lat' dir='ltr'><strong>quodam</strong></span> <span class='ocrx_word' id='word_1_205' title='bbox 869 3663 1020 3727; x_wconf 86' lang='lat' dir='ltr'><strong>fistulam</strong></span> <span class='ocrx_word' id='word_1_206' title='bbox 1048 3669 1249 3743; x_wconf 87' lang='lat' dir='ltr'><strong>argenteam</strong></span> <span class='ocrx_word' id='word_1_207' title='bbox 1272 3684 1315 3728; x_wconf 91' lang='lat' dir='ltr'><strong>eo</strong></span> 
     </span>
     <span class='ocr_line' id='line_1_33' title="bbox 366 3762 1314 3845; baseline 0.001 -20"><span class='ocrx_word' id='word_1_208' title='bbox 366 3770 564 3845; x_wconf 86' lang='lat' dir='ltr'><strong>susceperat</strong></span> <span class='ocrx_word' id='word_1_209' title='bbox 592 3771 706 3844; x_wconf 91' lang='lat' dir='ltr'><strong>pacto,</strong></span> <span class='ocrx_word' id='word_1_210' title='bbox 737 3771 786 3839; x_wconf 92' lang='lat' dir='ltr'><strong>nt,</strong></span> <span class='ocrx_word' id='word_1_211' title='bbox 811 3784 889 3826; x_wconf 92' lang='lat' dir='ltr'><strong>cnm</strong></span> <span class='ocrx_word' id='word_1_212' title='bbox 920 3762 1008 3826; x_wconf 87' lang='lat' dir='ltr'><strong>soret</strong></span> <span class='ocrx_word' id='word_1_213' title='bbox 1036 3764 1234 3844; x_wconf 89' lang='lat' dir='ltr'><strong>imperator,</strong></span> <span class='ocrx_word' id='word_1_214' title='bbox 1262 3762 1314 3826; x_wconf 94' lang='lat' dir='ltr'><strong>illi</strong></span> 
     </span>
     <span class='ocr_line' id='line_1_34' title="bbox 365 3861 1313 3945; baseline -0.003 -19"><span class='ocrx_word' id='word_1_215' title='bbox 365 3863 601 3945; x_wconf 89' lang='lat' dir='ltr'><strong>episcopatum</strong></span> <span class='ocrx_word' id='word_1_216' title='bbox 618 3862 788 3925; x_wconf 86' lang='lat' dir='ltr'><strong>conferret</strong></span> <span class='ocrx_word' id='word_1_217' title='bbox 802 3883 810 3941; x_wconf 91' lang='lat'>;</span> <span class='ocrx_word' id='word_1_218' title='bbox 834 3862 892 3925; x_wconf 90' lang='lat' dir='ltr'><strong>ille</strong></span> <span class='ocrx_word' id='word_1_219' title='bbox 906 3882 988 3925; x_wconf 89' lang='lat' dir='ltr'><strong>vero</strong></span> <span class='ocrx_word' id='word_1_220' title='bbox 1004 3862 1142 3925; x_wconf 90' lang='lat' dir='ltr'><strong>tandem</strong></span> <span class='ocrx_word' id='word_1_221' title='bbox 1159 3861 1313 3937; x_wconf 90' lang='lat' dir='ltr'><strong>adultus,</strong></span> 
     </span>
    </p>
   </div>
   <div class='ocr_carea' id='block_1_5' title="bbox 363 4076 1311 4281">
    <p class='ocr_par' dir='ltr' id='par_1_5' title="bbox 363 4076 1311 4281">
     <span class='ocr_line' id='line_1_35' title="bbox 400 4076 1310 4142; baseline -0.004 -14"><span class='ocrx_word' id='word_1_222' title='bbox 400 4077 405 4106; x_wconf 88' lang='lat'>¹</span> <span class='ocrx_word' id='word_1_223' title='bbox 421 4081 511 4128; x_wconf 84' lang='lat' dir='ltr'><strong>Contra</strong></span> <span class='ocrx_word' id='word_1_224' title='bbox 519 4080 699 4142; x_wconf 64' lang='lat' dir='ltr'><strong>accusatorem]</strong></span> <span class='ocrx_word' id='word_1_225' title='bbox 710 4082 742 4140; x_wconf 81' lang='lat' dir='ltr'><strong>by</strong></span> <span class='ocrx_word' id='word_1_226' title='bbox 752 4093 824 4126; x_wconf 87' lang='lat' dir='ltr'><strong>name</strong></span> <span class='ocrx_word' id='word_1_227' title='bbox 885 4076 896 4105; x_wconf 82' lang='lat'>²</span> <span class='ocrx_word' id='word_1_228' title='bbox 907 4078 973 4127; x_wconf 76' lang='lat' dir='ltr'><strong>idem</strong></span> <span class='ocrx_word' id='word_1_229' title='bbox 986 4078 1136 4141; x_wconf 60' lang='lat' dir='ltr'><strong>imperatam]</strong></span> <span class='ocrx_word' id='word_1_230' title='bbox 1151 4076 1204 4123; x_wconf 86' lang='lat' dir='ltr'><strong>The</strong></span> <span class='ocrx_word' id='word_1_231' title='bbox 1219 4077 1310 4136; x_wconf 84' lang='lat' dir='ltr'><strong>legend</strong></span> 
     </span>
     <span class='ocr_line' id='line_1_36' title="bbox 363 4145 1311 4281; baseline -0.003 -84"><span class='ocrx_word' id='word_1_232' title='bbox 363 4149 503 4267; x_wconf 46' lang='lat' dir='ltr'><strong>tItgdingar,</strong></span> <span class='ocrx_word' id='word_1_233' title='bbox 530 4151 665 4211; x_wconf 86' lang='lat' dir='ltr'><strong>according</strong></span> <span class='ocrx_word' id='word_1_234' title='bbox 687 4154 712 4196; x_wconf 92' lang='lat' dir='ltr'><strong>to</strong></span> <span class='ocrx_word' id='word_1_235' title='bbox 740 4149 826 4196; x_wconf 88' lang='lat' dir='ltr'><strong>Brom·</strong></span> <span class='ocrx_word' id='word_1_236' title='bbox 850 4147 1022 4281; x_wconf 43' lang='lat' dir='ltr'><strong>{oggwgngoais</strong></span> <span class='ocrx_word' id='word_1_237' title='bbox 1040 4147 1186 4197; x_wconf 84' lang='lat' dir='ltr'><strong>takenirom</strong></span> <span class='ocrx_word' id='word_1_238' title='bbox 1206 4145 1311 4194; x_wconf 82' lang='lat' dir='ltr'><strong>Melms·</strong></span> 
     </span>
     <span class='ocr_line' id='line_1_37' title="bbox 407 4252 1016 4275; baseline -0.002 -8"><span class='ocrx_word' id='word_1_239' title='bbox 407 4256 413 4267; x_wconf 93' lang='lat'><em>.</em></span> <span class='ocrx_word' id='word_1_240' title='bbox 918 4252 925 4275; x_wconf 95' lang='lat'>‚</span> <span class='ocrx_word' id='word_1_241' title='bbox 1011 4253 1016 4266; x_wconf 92' lang='lat'>.</span> 
     </span>
    </p>
   </div>
   <div class='ocr_carea' id='block_1_6' title="bbox 0 0 1448 4852">
    <p class='ocr_par' dir='ltr' id='par_1_6' title="bbox 0 0 1448 4852">
     <span class='ocr_line' id='line_1_38' title="bbox 0 0 1448 4852; baseline 0 0"><span class='ocrx_word' id='word_1_242' title='bbox 0 0 1448 4852; x_wconf 95' lang='lat' dir='ltr'><strong> </strong></span> 
     </span>
    </p>
   </div>
  </div>
 </body>
</html>
