2902 5332
203 2807 258 2846 Λ.Ι).
270 2807 327 2845 rats.

204 2857 334 2896 Parllsment

203 2910 225 2946 rt
234 2907 322 2946 Oxtord.

353 402 419 465 450
612 415 744 463 nocam
772 414 817 461 on
841 413 1047 461 wnunovua

354 577 518 657 dirigens,
535 574 705 657 promisit,
721 572 813 655 quod
836 572 867 635 si
889 571 926 635 in
951 571 1069 654 aliquo
1088 571 1247 654 deliquit,
1272 593 1314 636 se

356 697 419 760 pro
448 675 600 739 omnium
634 673 777 735 arbitrio
807 679 1052 736 correcturum.
1105 670 1159 735 Ac
1186 673 1315 737 deinde

357 797 432 852 mx,
458 784 613 857 tempore
631 767 780 837 ¹vernali
803 773 838 835 in
859 771 1025 854 Angliam
1048 773 1203 848 veniens,
1229 792 1314 855 gra-

358 884 474 940 tanter
503 881 673 956 receptus,
702 873 746 936 ab
776 873 935 936 omnibus
969 872 1171 950 honoratur,
1204 880 1315 955 atque

358 976 511 1040 omnium
533 974 688 1055 gratuito
711 991 893 1049 consensu,
917 973 1073 1037 exercitu
1098 981 1314 1054 congregato

359 1083 482 1140 contra
497 1073 703 1149 Cnutonem,
728 1073 800 1154 qui,
826 1072 1071 1136 confoederatis
1094 1073 1160 1135 sibi
1184 1071 1315 1136 Linde-

359 1175 542 1250 siensibus,
564 1173 639 1257 jam
667 1181 783 1237 castra
808 1180 976 1237 moverat.
990 1173 1035 1235 ad
1060 1172 1314 1255 praedandum3

360 1275 421 1338 sed
453 1294 515 1338 rex
543 1272 750 1337 Ethelredus
776 1271 1025 1354 superveniens
1050 1271 1247 1336 Cnutonem
1275 1273 1316 1337 in

360 1375 480 1455 sugam
511 1373 689 1455 compulit,
720 1379 755 1437 et
781 1371 998 1436 Lindeseiam
1023 1379 1133 1437 totam
1156 1373 1317 1456 depopu-

360 1474 436 1537 lans
464 1493 552 1557 quos
580 1472 708 1556 reperit
730 1471 861 1536 incolas
887 1473 1130 1537 incunctanter
1154 1473 1317 1555 peremit.

362 1573 477 1638 Cnuto
495 1593 633 1657 quoque
648 1591 710 1654 per
725 1572 843 1653 fugam
858 1572 997 1656 elapsus
1020 1592 1098 1636 cum
1120 1573 1231 1638 classe
1248 1593 1318 1638 sua

362 1668 424 1737 ad²
442 1674 615 1738 Sandwici
637 1680 789 1754 portum,
809 1674 922 1737 ventis
945 1673 1213 1755 impellentibus,
1233 1693 1317 1756 per-

362 1775 470 1850 venit,
492 1774 551 1837 uhi
574 1774 609 1837 in
636 1772 880 1836 contumeliam
903 1772 1016 1854 gentis
1034 1771 1229 1854 Anglorum
1253 1775 1318 1837 ob-

362 1875 454 1938 sides
470 1872 674 1954 omnesqui
695 1873 787 1954 patri
811 1892 874 1935 suo
890 1871 964 1936 dati
978 1873 1127 1949 fuerant,
1143 1875 1318 1937 truncatis

362 1974 535 2047 manibus,
551 1973 691 2036 auribus
711 1971 920 2054 naribusque
939 1973 1106 2054 praecisis,
1123 1974 1218 2037 abire
1235 1993 1318 2056 per-

362 2075 467 2150 misit,
484 2080 519 2136 et
535 2066 587 2135 ³in
606 2072 752 2135 Daciam
768 2071 943 2154 profectus
960 2092 1137 2135 numerum
1162 2080 1318 2138 armato·

363 2194 436 2237 rum
469 2172 699 2254 multiplicare
726 2171 873 2235 curavit.
922 2171 1052 2235 Eodem
1085 2191 1188 2249 anno,
1211 2175 1318 2238 tertio

363 2272 529 2337 kalendas
553 2272 726 2348 Octobris,
754 2289 848 2334 mare
871 2264 989 2336 ⁴littus
1016 2273 1191 2354 proprium
1215 2293 1318 2354 egre-

363 2373 460 2436 diens
485 2372 587 2437 villas
610 2392 671 2454 per
694 2370 857 2452 Angliam
880 2372 1007 2435 multas
1030 2373 1318 2455 innumeramque

361 2473 480 2555 populi
494 2470 749 2535 multitudinem
766 2472 962 2535 submersit.

582 2662 631 2724 Dc
640 2661 819 2746 proditioue
834 2662 923 2726 ducis
936 2662 1082 2727 Eadrici.

407 2786 511 2850 Anno
524 2786 664 2850 Domini
678 2805 769 2851 ΜΧν.
780 2783 1047 2869 ⁵congregatum
1062 2795 1116 2851 est
1132 2787 1224 2868 apud
1238 2787 1318 2852 Ox-

362 2887 477 2950 oniam
507 2888 629 2968 ingens
659 2886 868 2969 colloquium
892 2886 1086 2968 Anglorum
1120 2889 1249 2968 pariter
1282 2897 1320 2954 et

364 2987 565 3065 Danorum3
590 2986 648 3049 ubi
665 3008 740 3064 ren,
758 2987 902 3050 consilio
921 2987 1031 3070 iniqui
1047 2987 1144 3050 ducis
1162 2986 1318 3067 Eadrici,

362 3087 491 3150 multos
507 3087 686 3150 Danorum
702 3087 835 3151 nobiles
852 3086 998 3150 interfici
1017 3086 1194 3151 mandavit
1212 3092 1318 3169 quasi

398 3303 406 3337 ¹
423 3305 556 3369 terlata]
579 3301 826 3369 ‘quadragesimalis
851 3306 918 3356 Dan.
931 3307 1033 3368 Scriptt
1041 3306 1187 3367 langebek,
1195 3309 1211 3355 i.
1221 3312 1316 3369 plis.

363 3378 430 3426 Flor.
467 3376 585 3436 Bouquet
600 3376 648 3425 has
659 3378 701 3426 the
713 3377 788 3426 death
801 3377 830 3426 of
885 3375 992 3426 winus
1007 3377 1132 3440 proprium
1154 3379 1318 3444 emeriten]

363 3449 456 3508 Sweyu
474 3446 523 3495 aad
541 3451 626 3495 return
646 3447 675 3495 of
689 3448 825 3497 Aethelred
851 3447 931 3496 lnthe
939 3453 1001 3508 text,
1012 3447 1221 3508 ‘littusproprios
1231 3464 1318 3510 egres.

363 3519 389 3566 in
404 3517 446 3566 the
458 3516 588 3577 following
600 3531 668 3576 year.
852 3513 983 3567 sus.'-So
1000 3517 1060 3565 Sar.
1072 3517 1165 3566 Chron.
1176 3518 1227 3566 and
1246 3518 1318 3570 Flor.

398 3584 707 3651 'Adamanaipommq
727 3587 826 3636 ‘Sand
853 3588 1012 3648 Malmsbury
1024 3587 1087 3636 calls
1105 3587 1126 3634 it
1140 3587 1249 3636 ‘ductus
1263 3605 1318 3639 mo·

363 3656 430 3705 wich
439 3656 548 3704 omnium
557 3657 696 3717 Anglorum
709 3664 826 3719 portuum
851 3658 932 3716 rinus,
943 3672 1018 3718 quem
1029 3657 1116 3706 Graeci
1128 3656 1263 3718 Euripum,
1271 3676 1318 3710 uos

364 3726 565 3785 famosissimus,'
581 3741 609 3773 as
627 3727 646 3773 it
663 3727 685 3775 is
702 3728 784 3776 called
801 3730 826 3776 in
853 3727 978 3775 hedonem
994 3740 1113 3775 vocamus
1121 3727 1137 3784 ς’
1148 3726 1232 3776 where
1244 3729 1277 3778 he
1295 3734 1319 3780 is

363 3796 407 3845 the
416 3796 563 3844 Encomium
575 3796 680 3858 Emmae,
688 3798 752 3846 inter
761 3798 827 3846 Nor·
852 3797 946 3858 clearly
957 3798 983 3844 in
1000 3812 1076 3857 error,
1094 3796 1163 3844 Ledo
1180 3798 1257 3859 being
1273 3802 1317 3851 the

364 3881 448 3916 mann.
460 3866 562 3926 Scriptt.
574 3881 600 3926 p.
614 3870 670 3914 loa.
852 3883 927 3928 neap,
945 3868 995 3915 and
1018 3872 1062 3914 not
1083 3866 1125 3915 the
1147 3868 1234 3929 spring
1253 3871 1318 3922 tide.

402 3935 411 3964 ³
424 3938 453 3984 In
466 3935 568 3984 Dacium
575 3936 716 3998 profectae]
728 3941 754 3984 to
766 3936 827 3985 take
852 3938 900 3986 See
912 3937 1040 3998 Spelman‚
1052 3937 1138 3986 Gloss.
1149 3937 1182 3984 ad
1193 3953 1243 3986 coc.

364 4005 540 4068 possessionoi
544 4002 689 4054 hislather‘s
697 4006 826 4068 kingdom.
887 4004 1152 4069 ⁵Congregutumest.]
1167 4007 1320 4059 SoMalms·

362 4077 416 4125 'l'he
431 4076 507 4125 death
520 4077 549 4124 ot'
557 4078 648 4137 Sweyn
661 4075 712 4124 and
727 4092 828 4125 succes·
852 4077 917 4139 bury
934 4078 984 4125 and
1002 4078 1044 4126 the
1059 4078 1119 4125 Sex.
1132 4077 1224 4126 Chron.
1262 4080 1319 4131 'Ibe

364 4148 418 4195 sion
433 4147 462 4194 ol
476 4146 544 4195 Cnut
562 4162 605 4195 are
628 4146 718 4207 placed
741 4148 765 4194 in
785 4147 827 4196 the
852 4148 924 4195 other
932 4153 1018 4196 events
1029 4146 1058 4195 oi
1066 4147 1117 4195 this
1128 4162 1190 4207 year
1200 4163 1281 4198 occur
1291 4153 1320 4201 in

363 4217 456 4267 Arnai.
474 4216 542 4265 Dan.
561 4218 619 4264 Pet.
632 4217 691 4266 Olai
708 4218 734 4264 in
754 4220 826 4267 loro.
852 4218 887 4267 all
898 4218 940 4267 the
952 4219 1095 4267 historiens.
