2888 4852
343 405 410 470 338
596 421 729 467 nocent
756 421 804 466 ns
827 419 1033 465 wnxoovsu

183 599 293 639 m
347 599 428 643 nem
450 577 859 659 hicestnnnsparvns:
870 575 1121 650 desedicens,
1135 572 1300 636 ‘etdnos

347 678 521 761 grandesss
535 678 649 759 pisces
664 688 836 757 tangens3
857 677 940 738 item
957 693 1147 738 conversus
1167 671 1213 734 ad
1229 671 1302 734 cle-

347 780 439 842 ricos
451 779 515 853 ait,
535 775 631 839 ‘Hic
644 776 811 839 suntduo
820 776 952 855 magni,
954 774 1148 837 'clericos
1137 790 1299 845 innuens,

348 883 410 941 ‘et
423 896 515 939 nnus
527 875 681 958 parvus,'
699 876 826 956 piscem
840 874 1050 955 intelligens.

402 975 476 1038 iste
505 975 613 1055 igitur
632 973 826 1049 lohannes,
855 982 981 1054 rogatu
1011 971 1165 1055 ejusdem
1195 969 1302 1049 regis,

352 1067 609 1139 Hierarcbiam¹
647 1073 809 1154 Dionysii
840 1071 1065 1154 Areopagitae
1096 1070 1140 1133 de
1175 1067 1303 1132 Graeeo

352 1175 389 1237 in
421 1173 586 1236 latium
616 1171 808 1248 transtulit,
838 1191 909 1254 qno
937 1171 978 1235 lit
1016 1169 1145 1232 utrix
1174 1167 1304 1231 intelli-

353 1280 459 1354 gatur
494 1271 624 1334 latina
662 1270 776 1347 litera,
812 1291 892 1334 cnm
930 1269 1150 1334 volubilitate
1190 1267 1305 1347 magis

242 1420 254 1431 .
355 1369 483 1435 em
498 1389 603 1453 quam
618 1370 792 1451 positione
806 1371 1020 1433 construitur
1030 1368 1171 1432 latina.
1201 1365 1305 1429 Com·

354 1470 473 1552 posuit
486 1470 593 1533 etiam
613 1468 751 1545 librum,
764 1489 867 1551 quem
890 1469 972 1532 Peri
994 1467 1162 1550 physicon
1183 1464 1303 1527 meris·

354 1576 481 1644 matos,
508 1569 542 1631 id
570 1577 636 1644 est,
663 1568 707 1631 de
738 1577 873 1632 natnrae
893 1567 1077 1642 divisione,
1100 1564 1306 1638 intitulavit,

356 1676 498 1749 propter
531 1667 798 1749 perplexitatem
826 1667 1042 1750 quarundam
1073 1665 1305 1747 questionum

356 1765 600 1830 solvendarum
632 1767 719 1830 bene
746 1766 880 1842 utilem,
905 1767 936 1829 si
963 1773 1079 1829 tamen
1103 1765 1309 1845 ignoscetur

358 1866 390 1928 ei
419 1866 457 1928 in
487 1865 706 1947 quibusdam,
736 1865 772 1927 iu
801 1867 926 1948 quibus
955 1884 978 1928 a
1007 1865 1210 1927 latinorum
1234 1870 1307 1924 tra-

358 1964 443 2028 mite
476 1964 645 2040 (leviavit,
674 1965 757 2028 dnm
787 1965 824 2027 in
857 1962 1002 2028 Graecos
1031 1964 1159 2026 acriter
1186 1960 1307 2025 oculos

359 2062 520 2140 intendit,
549 2063 641 2127 unde
670 2071 707 2128 et
736 2063 920 2127 baereticns
950 2083 974 2127 a
1005 2061 1212 2145 quibusdam
1243 2079 1309 2141 pn-

360 2168 457 2226 tatus
493 2169 572 2239 est3
606 2163 746 2244 scripsit
775 2163 866 2226 enim
897 2170 1021 2226 contra
1054 2180 1135 2224 eum
1166 2159 1308 2243 quidam

363 2259 501 2336 Florus,
531 2261 593 2343 qui
624 2269 661 2325 et
692 2262 769 2344 ejus
796 2263 928 2344 scripta
958 2260 1181 2343 depravando
1210 2259 1309 2321 dam-

361 2359 484 2436 navit3
510 2367 592 2422 sunt
614 2361 705 2422 enim
727 2380 851 2423 revera
870 2362 906 2424 in
929 2360 1018 2423 libro
1041 2360 1123 2423 Peri
1142 2357 1309 2440 physiodu

361 2457 584 2540 perplurima,
606 2478 698 2540 quae,
721 2459 789 2522 nisi
813 2458 998 2540 diligenter
1019 2459 1260 2532 discutiantur,
1287 2475 1310 2519 a

363 2557 431 2620 lide
455 2556 627 2620 catholiea
650 2559 765 2621 aliena
785 2558 1000 2640 judicantur.
1052 2557 1173 2641 Hujus
1194 2564 1310 2620 antem

362 2656 535 2737 opinionis
563 2658 738 2739 particeps
780 2677 857 2721 esse
892 2658 1111 2738 dignoscitur
1151 2654 1310 2738 pontifex

364 2754 557 2831 Romanus,
589 2757 650 2839 qni
680 2756 717 2819 in
748 2756 896 2839 epistola
930 2757 974 2819 ad
1009 2755 1173 2820 Carolum
1205 2754 1313 2816 missa

363 2854 466 2930 dixit,
496 2854 685 2919 ‘Relatum
717 2864 771 2919 est
804 2855 1017 2937 apostolatui
1048 2863 1180 2931 nostro,
1218 2853 1311 2936 quod

364 2973 453 3036 opus
468 2953 631 3038 Dionysii
641 2954 877 3036 Areopagitae,
894 2955 988 3037 qnod
1002 2954 1044 3018 de
1057 2955 1185 3017 divinis
1202 2952 1310 3015 nomi-
1356 3028 1361 3035 .

365 3053 466 3116 nibus
483 3053 577 3117 etde
599 3054 795 3117 coelestibus
821 3054 997 3118 ordinibus
1014 3053 1140 3117 Graeco
1161 3052 1313 3134 descrip-

364 3152 412 3215 sit
429 3151 579 3233 eloquio,
596 3153 735 3234 quidam
751 3154 805 3216 vir
820 3152 1013 3230 lohannes,
1027 3172 1153 3234 genere
1175 3151 1312 3226 Scotus,

366 3270 476 3333 nuper
504 3252 682 3316 transtulit
707 3253 745 3315 in
773 3252 957 3330 Latinum;
990 3253 1082 3335 quod
1102 3253 1210 3335 juxta
1241 3268 1314 3336 mo-

365 3369 438 3412 rem
455 3350 609 3413 ecclesie
627 3352 727 3415 nobis
744 3353 835 3415 mitti
856 3361 893 3416 et
909 3358 1029 3416 nostro
1046 3350 1179 3435 judicio
1196 3349 1314 3413 debuit

366 3449 563 3529 approbari,
587 3451 779 3532 praesertim
808 3470 886 3514 cum
911 3450 1001 3514 idem
1016 3449 1209 3526 lohannes,
1233 3448 1315 3511 lieet

368 3545 486 3610 multae
511 3547 665 3611 scientiae
690 3568 766 3612 esse
792 3550 1009 3632 praedioetnr,
1032 3550 1115 3614 olim
1137 3568 1206 3612 non
1228 3565 1313 3610 sane

366 3665 488 3727 sapere
516 3646 552 3708 in
577 3646 783 3729 quibusdam
807 3648 978 3731 frequenti
994 3668 1131 3712 rumore
1156 3646 1314 3711 dicatur.'

366 3743 517 3828 Propter
527 3745 617 3810 hano
627 3766 711 3828 ergo
725 3747 901 3811 infamiam
912 3747 1002 3811 idem
1011 3747 1035 3810 J
1037 3748 1191 3812 ohannes
1204 3746 1315 3809 Fran-

365 3845 453 3908 ciam
478 3844 676 3926 relinquens
702 3866 818 3928 regem
838 3846 1019 3911 Alfredum
1047 3847 1183 3928 petivit,
1215 3844 1316 3928 cujus

400 4047 596 4101 ‘Hierarclion
616 4050 753 4116 Dionysii]
777 4054 828 4102 His
854 4055 1098 4114 bohemicorum
1121 4054 1317 4103 Hibemioarum

364 4123 477 4171 metrierd
507 4123 581 4171 letter
601 4123 652 4171 and
680 4123 781 4184 pretaee
802 4129 828 4172 to
854 4125 1025 4185 Epistolarnm
1038 4124 1150 4186 Sylloge,
1160 4138 1187 4184 p.
1199 4127 1240 4172 ⁵7.

364 4191 471 4241 Cbarles
481 4192 505 4241 le
517 4192 621 4241 Chaere
632 4207 676 4241 ere
691 4193 791 4253 printed
802 4194 827 4241 in
