2888 4852
161 906 216 946 ab.
225 907 271 945 ⁴⁹4.

163 957 261 997 Galerius

160 1018 220 1058 ΡΨ·

163 1103 247 1145 Arrlrsl
255 1103 280 1143 ol

162 1155 236 1195 cerdic
245 1155 287 1195 aud

163 1205 248 1245 ilenric-

317 417 362 480 50
574 430 706 479 uocum
730 430 777 479 un
800 429 1007 480 wuuoovaa

327 661 369 728 Ut
386 660 496 739 Cestio,
513 659 640 748 primus
665 683 719 726 rea
743 659 980 726 oceidmolium
1004 662 1171 736 Scaeuam,
1189 657 1275 723 aaa

661 761 697 826 ia
710 756 926 826 Britanniam.

373 884 476 950 Anno
495 887 618 968 gratiae
640 902 831 949 ccccch.
847 878 1028 949 ¹Gelasius
1046 882 1138 948 sedit
1154 883 1190 947 in
1213 901 1273 947 ca-

323 984 446 1050 thedra
462 985 623 1050 Romana
639 987 738 1049 annis
758 993 919 1068 quatuor,
937 984 1112 1048 mensibus
1128 992 1220 1062 octo,
1236 990 1274 1047 et

323 1084 445 1150 diebus
471 1085 708 1150 novendecim.
761 1085 890 1150 Eodem
914 1091 1069 1167 tempore
1083 1082 1212 1161 Gertic,
1237 1089 1275 1148 et

324 1185 416 1249 filius
429 1185 505 1269 ejus
521 1185 676 1264 Kiueric,
699 1204 777 1250 cum
799 1185 952 1268 quinque
975 1184 1123 1248 navibus
1137 1184 1174 1247 in
1193 1183 1273 1247 Bri·

324 1285 478 1350 tanniam
494 1286 747 1369 applicuerunt,
766 1285 802 1349 in
823 1285 900 1350 loco
918 1285 977 1367 qui
999 1291 1122 1367 postea
1144 1283 1187 1348 de
1209 1303 1273 1348 no·

324 1384 417 1449 mine
442 1385 518 1470 ejus
534 1378 838 1463 ²‘Gertichesora,'
853 1385 887 1449 id
913 1393 979 1462 est,
999 1390 1122 1467 portus
1145 1380 1275 1460 Certic,

324 1484 525 1565 dicebatur;
548 1505 618 1567 quo
639 1486 695 1550 die
717 1484 881 1550 convenit
902 1486 1066 1549 universa
1087 1483 1274 1549 multitudo

324 1585 476 1666 regionis
497 1592 620 1650 contra
640 1605 713 1662 eos,
735 1593 771 1650 et
789 1603 943 1667 pugnam
965 1584 1111 1648 viriliter
1132 1584 1274 1647 commi-

324 1690 454 1749 serunt.
497 1684 654 1750 Saxones
665 1704 748 1749 vero
762 1703 878 1749 coram
895 1685 1042 1749 navibus
1053 1683 1276 1747 immobiliter

323 1786 476 1862 stabant,
497 1785 605 1850 donec
627 1785 738 1851 noctis
754 1786 907 1849 tenebrae
927 1784 1023 1848 litem
1046 1782 1274 1862 dirimebant3

323 1885 474 1950 inventis
496 1893 612 1950 autem
633 1885 831 1950 Senonibus
849 1885 993 1967 asperis,
1015 1883 1177 1949 Britanni
1197 1902 1275 1948 sese

325 1986 586 2062 subtraxerunt,
601 1993 637 2050 et
651 1985 780 2068 pagani
798 1985 835 2049 in
855 1991 948 2048 terra
967 1983 1097 2061 hostili,
1112 2002 1183 2048 non
1198 1984 1276 2047 sina

325 2082 561 2166 frequentibus
572 2085 672 2148 bellis
687 2085 889 2162 incolarum,
898 2085 1020 2150 littora
1030 2083 1136 2148 maris
1147 2083 1274 2148 ibidem

326 2185 438 2266 magis
462 2203 503 2248 ac
530 2185 643 2267 magis
673 2204 843 2268 occupare
873 2192 1066 2268 coeperunt.
1119 2179 1178 2248 Ab
1205 2184 1275 2250 isto

326 2303 464 2366 quoque
478 2284 594 2350 certic
610 2304 711 2368 reges
725 2283 991 2350 occidentalium
1008 2283 1188 2349 Saxonum
1205 2284 1275 2349 ori·

324 2383 441 2465 ginem
456 2383 661 2450 babuerunt.

658 2558 699 2624 N
696 2566 747 2622 oto
761 2521 943 2621 harabum.

375 2677 481 2746 Anno
506 2681 630 2764 gratiae
659 2697 834 2745 ccccxcv.
851 2677 1063 2744 Anastasius
1086 2679 1277 2764 imperator

326 2777 489 2846 Acatium
514 2780 713 2847 haereticum
740 2788 775 2845 et
798 2781 999 2845 damnatum
1023 2800 1187 2847 revocare
1212 2802 1275 2847 cu-

235 2967 238 2974 ,
324 2881 437 2963 piens,
466 2880 617 2946 Romani
643 2901 712 2945 nou
738 2888 998 2945 consenserunt.
1050 2881 1136 2945 Erat
1157 2889 1275 2947 autem

326 2980 735 3065 constantinopolitanus
750 2982 945 3063 episcopus,
960 2980 1021 3044 sed
1033 2980 1160 3047 Decet
1175 3001 1277 3047 sanc·

324 3087 371 3146 tae
387 3082 543 3147 ecclesie
559 3081 701 3146 effectus
718 3087 772 3145 est
784 3080 936 3145 odiosus.

517 3250 652 3317 Aeetius
665 3250 964 3338 Medmsalmiao
970 3253 1080 3339 periit.

374 3373 479 3440 Anno
496 3377 621 3459 gratiae
637 3394 828 3442 ccccxcvi.
844 3377 1028 3442 haereticus
1043 3375 1191 3443 Acutius
1205 3398 1277 3444 me-

324 3483 480 3539 moratus
497 3477 640 3541 fulmine
658 3478 749 3541 ictus
771 3478 884 3560 periit.
937 3477 1007 3543 Per
1028 3478 1119 3543 idem
1136 3486 1275 3563 tempus

324 3569 550 3656 ³Pasceutius
567 3577 658 3640 filius
672 3576 886 3659 vortigerni,
910 3579 968 3660 qui
987 3577 1023 3641 in
1038 3578 1276 3658 Germaniam,

359 3808 517 3875 ¹Gelusius.]
542 3811 584 3861 He
602 3810 661 3861 died
682 3815 714 3862 19
733 3812 787 3861 No·
813 3812 977 3875 Hampsbire.
1012 3814 1060 3863 See
1082 3815 1139 3864 eleo
1155 3814 1276 3866 'l'urner's

323 3883 493 3932 remberdbtl.
813 3883 883 3932 Hist.
905 3884 983 3946 Aegl.
1006 3883 1067 3934 Sex.
1089 3885 1107 3934 i.
1134 3889 1176 3948 98,
1198 3891 1273 3937 notes.

359 3950 581 4015 ’Certichesore.]
607 3952 719 4001 camden
735 3952 786 4000 and
812 3953 1019 4015 esttenete
1033 3958 1088 4003 199.

323 4022 407 4072 others
425 4022 498 4083 place
515 4022 565 4070 thie
582 4027 610 4071 at
621 4022 786 4083 Cerdiceand,
846 4020 858 4053 ⁸
880 4018 1047 4092 Fauentina]
1075 4023 1129 4073 The
1152 4033 1273 4077 accounts

323 4107 385 4141 near
404 4092 543 4140 Yarmoutb
561 4093 587 4140 in
605 4092 723 4152 Norsolk,
740 4093 786 4140 but
812 4093 943 4142 contained
955 4095 981 4142 in
993 4094 1044 4142 tbis
1062 4095 1112 4143 aud
1123 4095 1166 4146 tlte
1177 4098 1273 4147 follow·

324 4161 410 4223 Certe,
427 4161 490 4209 with
508 4167 607 4224 greater
624 4162 786 4224 probability,
811 4164 853 4224 ing
865 4163 1188 4225 chapterearetalrenfrom
1196 4167 1274 4218 Geel·

321 4231 446 4295 imagines
473 4233 494 4280 it
519 4237 546 4281 to
573 4232 639 4282 have
668 4234 731 4281 been
758 4233 784 4280 in
810 4232 864 4294 frey
875 4233 905 4283 ol
912 4234 1071 4298 Monmouth,
1082 4235 1136 4288 viii.
1151 4241 1190 4303 1³,
1200 4254 1264 4303 seqq.
