2888 4852
396 440 534 490 enonas
559 442 829 492 nrsronrunuu.
1020 429 1087 495 353

134 601 249 659 autem
273 599 466 679 portionem
487 619 592 663 unam
615 600 688 663 suis
709 600 945 678 bellatoribus,
964 602 1025 685 qui
1045 603 1082 667 in

133 696 244 758 tribus
255 698 377 760 turmis
386 698 639 777 dividebantur,
649 701 853 781 assignavit,
866 702 916 765 ita
924 708 963 764 ut
972 703 1085 784 prima

133 794 268 871 cohors,
291 816 370 878 qnae
393 801 563 881 equestris
587 807 674 876 erat,
698 819 815 864 menso
838 820 908 865 uno
930 801 966 863 in
986 802 1083 866 curia

133 895 224 974 regis
241 897 465 976 ministraret,
480 898 563 961 dum
586 900 663 962 aliae
684 900 762 963 duae
784 900 917 964 bellicis
939 900 1082 981 expedi-

131 992 283 1056 tionibus
306 995 517 1074 insudarent,
540 999 658 1080 sicque
679 1018 797 1063 mense
818 1000 928 1076 finito,
946 1000 1015 1062 illis
1038 999 1080 1063 de

131 1093 251 1173 praelio
267 1095 502 1174 redeuntibus,
519 1099 600 1161 novi
622 1096 805 1162 bellatores
828 1099 895 1163 illis
917 1098 1080 1162 succede-

132 1192 227 1268 bant,
247 1201 283 1257 et
305 1196 354 1259 sic
377 1197 471 1259 omni
493 1205 647 1278 tempore
664 1199 746 1261 vitae
768 1216 841 1260 suae
866 1197 929 1261 bas
945 1198 1078 1261 vicissi-

131 1290 268 1356 tudines
288 1295 517 1375 observabat3
541 1296 726 1359 secundam
742 1316 825 1360 vero
846 1304 979 1378 partem
995 1317 1079 1378 ope-

131 1391 231 1454 rariis
248 1393 377 1470 multis,
388 1413 475 1475 quos
491 1397 526 1458 in
544 1396 638 1458 omni
654 1414 757 1476 opere
774 1403 910 1459 terreno
926 1395 1077 1460 eruditos

130 1490 291 1568 habebat,
313 1492 511 1574 distribuit3
541 1495 678 1557 tertiam
702 1502 815 1559 antem
839 1495 995 1571 advenis,
1017 1496 1078 1577 qui

130 1611 176 1655 ex
200 1590 344 1654 diversis
366 1594 562 1656 nationibus
588 1593 632 1656 ad
658 1613 735 1657 eum
761 1593 992 1670 confluebant,
1015 1595 1080 1657 im-

130 1691 260 1772 pendit.
312 1691 504 1756 Secundam
522 1692 669 1775 denique
692 1700 837 1775 partem,
854 1713 933 1776 quae
951 1713 996 1757 ex
1016 1711 1078 1755 an-

130 1811 199 1855 nuo
224 1791 267 1852 ad
295 1809 373 1853 eum
403 1810 508 1855 censu
536 1794 730 1874 spectabat,
755 1793 791 1855 in
820 1798 890 1856 tres
917 1793 1076 1857 dividens

129 1889 318 1971 portiones,
338 1891 483 1971 primam
506 1892 727 1974 pauperibus,
750 1891 936 1955 secundam
958 1910 1076 1956 coeno·

129 1990 207 2066 biis,
230 2007 307 2069 quae
330 1988 545 2068 fundaverat,
574 1993 712 2055 tertiam
738 1991 878 2068 scholae,
901 2010 1007 2073 quam
1030 2010 1076 2056 ex

130 2090 247 2154 multis
271 2087 397 2153 Galliae
425 2091 570 2172 aliisque
599 2090 797 2172 regionibus
826 2091 967 2154 remotis
992 2109 1077 2154 con·

129 2196 348 2271 gregaverat,
363 2190 495 2253 clericis
512 2198 548 2254 et
570 2189 780 2266 doctoribus,
797 2190 986 2253 secundum
1003 2191 1076 2253 sin·

128 2290 288 2370 gaiorum
310 2287 548 2353 sufficientiam
570 2289 763 2371 deputavit.
816 2288 871 2352 Ex
894 2308 973 2352 cera
987 2309 1075 2372 quo·

128 2410 207 2472 que,
225 2390 269 2452 ad
292 2389 426 2472 pondus
442 2390 666 2471 septuaginta
678 2388 824 2452 duorum
840 2388 1074 2466 denariorum,

128 2509 192 2553 sex
219 2489 381 2554 candelas
403 2489 554 2573 aequales
573 2488 646 2553 fieri
668 2488 845 2570 praecepit,
867 2488 918 2552 ita
939 2495 980 2552 ut
1004 2489 1076 2551 sin-

128 2590 220 2671 gulae
236 2588 415 2653 duodecim
431 2589 551 2652 nncias
567 2587 792 2668 longitudinis
807 2587 1075 2669 haberentque

128 2709 190 2770 per
220 2689 344 2769 viginti
375 2695 526 2770 quatuor
556 2685 671 2760 boras,
705 2685 761 2749 die
794 2693 968 2767 noctuque
1000 2686 1075 2749 sine

125 2787 274 2861 defectu,
303 2806 418 2850 coram
444 2786 668 2867 plurimorum
698 2793 896 2847 sanctorum
920 2784 1074 2866 reliquiis

128 2885 299 2949 arderent.
340 2884 383 2948 In
399 2884 629 2965 exsequendis
644 2882 784 2967 judiciis
801 2883 888 2946 adeo
906 2884 1076 2946 discretus

127 2992 203 3048 erat
227 2984 422 3064 indagator,
444 2991 483 3047 ut
499 3003 578 3065 quae
601 2983 637 3045 in
662 2983 821 3045 absentia
839 2982 915 3065 ejus
933 2982 1074 3059 fiebant,

129 3086 159 3148 si
181 3090 297 3147 essent
315 3083 413 3167 justa
435 3083 491 3146 vel
516 3082 648 3165 injusta
671 3081 870 3163 inquireret,
893 3089 941 3159 et,
960 3082 990 3143 si
1010 3082 1076 3144 ali·

129 3203 233 3266 quam
256 3183 473 3264 iniquitatem
495 3181 687 3261 intelligere
710 3189 839 3261 posset,
863 3180 999 3264 judices
1021 3181 1076 3244 in·

128 3284 338 3363 terrogabat,
367 3289 482 3345 utrum
504 3301 565 3363 per
589 3281 820 3361 ignorantiam
844 3280 900 3343 vel
922 3280 1077 3345 malevo-

127 3382 282 3457 lentiam,
303 3390 365 3444 aut
390 3400 506 3444 amore
528 3379 585 3443 vel
609 3379 700 3455 odio,
723 3380 846 3442 timore
862 3378 918 3442 vel
944 3378 1074 3457 favore,

129 3482 184 3545 vel
201 3500 264 3563 pro
281 3480 436 3562 pecuniae
452 3479 641 3562 cupiditate
659 3479 709 3541 ita
726 3478 962 3561 judicassent;
989 3487 1025 3542 et
1044 3480 1075 3543 si

128 3581 372 3644 confiterentur
394 3599 431 3643 se
454 3579 538 3643 talia
556 3577 745 3661 judicasse,
767 3596 809 3640 eo
831 3577 923 3659 quod
948 3579 1075 3642 rectius

123 3680 281 3764 judicare
299 3679 508 3754 nesciebant,
527 3687 609 3741 tunc
624 3676 770 3740 discrete
784 3696 825 3740 ac
842 3677 1018 3741 moderate
1035 3679 1076 3741 il-

130 3780 239 3843 lorum
252 3780 463 3859 redarguens
476 3776 685 3859 imperitiam
700 3776 827 3852 aiebat,
841 3780 850 3810 ‘
864 3776 976 3840 Miror
990 3796 1074 3840 sane

129 3886 280 3942 vestram
302 3876 533 3953 insolentiam,
556 3895 646 3951 cum,
674 3875 741 3938 Dei
767 3863 857 3939 dono
880 3894 922 3963 ac
943 3884 1075 3951 nostro,

129 3978 336 4060 sapientium
361 3976 505 4057 gradum
528 3982 564 4038 et
582 3973 807 4037 ministerium
826 3976 1020 4055 usurpastis
1040 3985 1075 4038 et

126 4078 306 4160 sapientiae
334 4076 485 4139 studium
516 4073 733 4157 neglexistis,
768 4083 829 4137 aut
863 4081 1075 4135 terrenarum

124 4176 315 4240 ministeria
337 4195 450 4237 rerum
465 4173 649 4237 dimittatis
672 4182 733 4237 aut
753 4173 945 4254 sapientiae,
966 4172 1075 4237 multo

179 4291 258 4337 von.
276 4291 299 4338 1.
859 4271 926 4333 2n
