2888 4852
320 386 385 450 488
572 397 706 445 uocum
731 397 778 444 ou
801 392 1008 442 wunnerus

322 555 437 619 festim
458 553 668 635 intelligens,
686 552 769 635 quid
790 552 930 616 deberet
945 569 1049 633 agere
1064 549 1282 626 haesitabat3

323 655 438 718 timuit
458 674 542 736 ergo
558 652 663 736 quod,
679 651 843 735 quicquid
859 651 1001 727 laceret,
1023 649 1281 732 omnipotentis

323 755 391 818 Dei
408 746 577 837 judicium
595 752 746 833 effugere
767 770 837 814 uon
853 751 997 827 valeret,
1018 747 1079 812 sed
1100 749 1185 812 licet
1201 755 1279 812 tam

323 853 509 917 terribilem
524 853 723 916 obhorreret
734 850 977 926 substantiam,
987 856 1194 913 tamencum
1205 855 1280 912 tre-

324 972 418 1017 more
436 971 564 1034 magno
587 951 683 1014 illam
701 949 861 1033 sumpsit,
876 968 955 1030 qum
973 955 1082 1012 tantae
1103 948 1277 1012 amaritu-

323 1051 518 1127 diuiserat,
536 1051 627 1132 quod
644 1050 692 1113 nil
717 1048 761 1112 ad
779 1047 989 1130 gustandum
1008 1046 1160 1111 amarius
1173 1047 1279 1112 vide·

324 1159 440 1227 retur3
464 1157 499 1213 et
522 1149 653 1226 statim,
671 1147 783 1212 officio
807 1147 990 1231 completo,
1015 1146 1177 1229 episcopo
1199 1165 1276 1210 rem

324 1256 458 1330 gestam
478 1248 709 1331 perordinem
733 1246 935 1312 declaravit.
987 1245 1053 1309 Cui
1074 1244 1277 1328 episcopus,

323 1348 454 1412 indicta
469 1348 687 1430 poenitentia,
706 1347 884 1429 praecepit,
898 1352 938 1409 ut
953 1352 1085 1408 castam
1108 1344 1278 1427 deinceps

323 1448 430 1511 vitam
465 1447 586 1511 offerre
613 1448 690 1511 Deo
717 1445 882 1522 studeret,
915 1444 1006 1528 quod
1040 1443 1099 1507 ille
1124 1443 1280 1508 fideliter

323 1548 541 1629 promittens,
555 1546 670 1629 quood
684 1544 786 1622 vixit,
800 1552 919 1609 votum
936 1543 1103 1627 implerit.

438 1719 527 1799 Quod
540 1740 632 1784 cernes
649 1719 818 1783 (lodwinus
833 1720 868 1783 io
881 1719 1010 1784 omilium
1016 1719 1160 1805 pellitur.

374 1843 477 1908 Circa
496 1844 570 1908 dies
592 1844 678 1908 istos
698 1863 813 1908 comes
835 1844 1015 1921 Bououiae,
1032 1837 1279 1924 ¹Enstachins,

195 1926 207 1952 ⁸
232 1943 238 1955 ⁸
323 1944 382 2025 (lui
398 1943 533 2008 Godam
552 1945 645 2025 regis
663 1942 848 2006 Eodwardi
864 1943 966 2007 duxit
981 1963 1144 2019 sororem,
1159 1937 1276 2027 ²apud

324 2044 499 2107 Doveram
524 2042 704 2126 applicuit,
728 2042 797 2105 ‘ubi
829 2043 955 2106 milites
980 2043 1068 2125 ejus,
1095 2063 1174 2106 cum
1200 2053 1278 2108 sto·

323 2143 391 2207 lide
405 2143 507 2206 nimis
532 2143 684 2226 hospitia
699 2150 904 2225 quaererent,
919 2162 1026 2206 unum
1043 2141 1086 2206 de
1102 2141 1188 2206 villa
1209 2143 1277 2207 ho-

322 2243 447 2306 minem
475 2249 705 2324 peremerunt,
728 2241 819 2324 quod
837 2242 958 2306 videns
972 2241 1111 2323 quidam
1128 2242 1171 2306 de
1188 2243 1278 2308 villa

323 2341 534 2422 indignatus,
558 2341 701 2405 militem
737 2340 835 2404 illum
866 2340 1058 2421 interiecit3
1090 2342 1135 2405 ob
1165 2361 1276 2424 qnam

322 2459 462 2503 causam
480 2459 594 2504 comes
611 2447 646 2504 et
662 2440 737 2523 ejus
751 2439 999 2504 commilitones
1014 2441 1050 2504 in
1064 2441 1150 2504 uam
1167 2444 1277 2520 versi,

322 2533 434 2603 viros³
449 2548 484 2603 ot
495 2539 656 2603 mulieres
671 2539 838 2622 plurimos
854 2540 1066 2617 occiderunt,
1081 2539 1141 2604 sed
1157 2547 1193 2604 et
1206 2561 1275 2623 pu·

322 2658 400 2702 eros
427 2659 545 2703 eorum
571 2659 736 2721 equorum
765 2658 903 2703 suorum
927 2639 1073 2721 pedibus
1099 2640 1277 2705 contrive-

323 2746 415 2802 runt.
465 2739 531 2803 Sed
559 2740 617 2802 ubi
640 2739 824 2802 multitudo
852 2738 949 2819 vulgi
974 2738 1018 2802 ad
1041 2739 1274 2804 resistendum

323 2846 570 2915 convenerunt,
597 2838 713 2902 hostes
735 2838 887 2901 inierunt
911 2837 1042 2918 sugam,
1065 2838 1125 2902 sed
1149 2839 1185 2901 iu
1215 2841 1273 2904 fu·

323 2937 449 3018 giendo
464 2931 674 3002 ⁴octodecim
692 2957 735 3000 ex
754 2939 804 3000 eis
819 2938 1019 3020 peremptis,
1034 2939 1150 3002 caeteri
1161 2937 1205 3001 ad
1218 2960 1275 3004 re-

322 3056 400 3118 gem
418 3036 661 3114 Eodwardum,
675 3038 734 3118 qui
755 3045 838 3100 tuuc
854 3036 1054 3101 Gloverniae
1070 3045 1156 3114 erat,
1171 3038 1273 3121 fuge·

323 3145 413 3200 runt.
465 3135 515 3201 At
532 3131 664 3201 ⁵comes
680 3135 815 3200 Cantiae
833 3135 1036 3212 Godwinus,
1060 3137 1103 3201 de
1125 3137 1274 3202 homini·

356 3335 364 3369 ¹
380 3332 549 3405 sarachim]
562 3339 604 3386 the
615 3337 717 3400 second,
728 3353 783 3386 sur·
808 3338 890 3398 partly
904 3339 1010 3388 without
1020 3339 1070 3387 end
1085 3339 1168 3401 partly
1179 3342 1271 3392 within

320 3409 410 3457 named
432 3408 494 3456 Aux
517 3408 649 3467 Greuons;
676 3407 708 3456 he
732 3406 783 3456 had
806 3407 849 3456 the
860 3409 921 3469 city,
932 3423 1000 3458 mora
1010 3408 1071 3457 than
1083 3413 1194 3472 twenty;
1208 3412 1272 3462 Su.

320 3477 460 3526 succeeded
489 3477 528 3525 hie
557 3477 638 3526 father
660 3478 684 3524 iu
709 3481 782 3526 1049.
807 3476 901 3527 Ohron.

321 3545 362 3606 By
373 3546 414 3593 his
429 3546 521 3594 second
530 3547 590 3594 wile
611 3546 666 3595 lolu
685 3545 717 3595 he
728 3561 782 3595 was
842 3547 852 3574 ⁴
866 3546 1024 3610 θεωροίη]
1034 3546 1043 3576 ⁴
1054 3545 1270 3611 Nineteen5‘8ux.

319 3615 362 3663 the
380 3615 461 3664 father
476 3614 506 3663 of
521 3615 640 3675 Eustace,
651 3615 709 3664 who
726 3629 783 3664 sue·
806 3615 899 3665 Chrou.

320 3684 414 3734 cecded
436 3683 498 3745 him,
519 3684 568 3732 aad
594 3684 708 3745 Godirey
732 3687 781 3734 aud
841 3683 949 3734 ⁵Comea
974 3686 1070 3735 Contioe
1102 3687 1269 3754 Godwinus,]

321 3754 448 3813 Baldwin,
459 3754 535 3814 linga
546 3753 575 3800 oi
582 3754 734 3803 Jerusalem.
804 3754 858 3804 The
876 3756 960 3804 others
974 3757 1052 3805 relate
1069 3756 1123 3805 that
1133 3758 1186 3806 eorl
1198 3759 1271 3809 God-

354 3822 448 3887 'Apud
455 3823 596 3886 [leveram]
606 3823 728 3884 Compare
738 3825 781 3873 the
806 3825 856 3872 wia
868 3839 923 3874 was
939 3825 1044 3874 ordered
1063 3827 1096 3886 by
1110 3825 1151 3874 the
1162 3827 1225 3890 king
1242 3835 1269 3879 to

319 3900 426 3943 account
436 3893 465 3940 oi
478 3892 529 3940 this
546 3892 625 3953 affruy
637 3908 666 3940 aa
685 3894 780 3942 related
805 3895 890 3943 march
905 3900 931 3943 to
942 3895 1029 3944 Dover
1044 3895 1094 3943 and
1112 3911 1206 3959 arengo
1224 3899 1269 3950 the

319 3964 344 4010 in
362 3963 404 4012 the
424 3964 484 4012 Sex.
497 3962 589 4012 chron.
602 3962 634 4011 ad
654 3977 694 4010 au.
708 3968 780 4023 1018,
804 3964 882 4012 insuit
903 3965 996 4013 offered
1024 3969 1049 4013 to
1077 3966 1197 4028 Eustaee,
1221 3969 1269 4018 but

319 4033 447 4094 Floreuee,
475 4032 506 4080 ad
543 4047 584 4081 uu.
621 4036 695 4094 1051,
729 4034 779 4081 aml
804 4033 858 4081 thut
876 4034 908 4082 he
925 4034 1042 4094 refused3
1064 4049 1132 4095 upon
1149 4035 1233 4086 which
1251 4055 1268 4087 a

319 4101 487 4163 Mulmsbury‚
498 4099 511 4165 ξ
524 4105 578 4150 lau.
803 4104 901 4153 council
913 4118 967 4152 was
986 4105 1131 4152 summoned
1147 4111 1173 4154 at
1185 4108 1268 4158 Glou·

353 4169 364 4201 ⁸
380 4173 451 4220 Viros
469 4177 492 4221 et
504 4172 616 4219 maliem
630 4170 747 4233 plurimos
756 4173 778 4234 ‚·]
803 4178 893 4234 cester,
904 4174 953 4221 aod
966 4174 1020 4223 that
1031 4175 1143 4224 Godwin
1157 4177 1206 4224 and
1224 4177 1266 4226 liis
