2888 4852
334 403 399 470 308
592 420 726 469 nocam
750 419 797 466 no
816 416 1022 468 wunnovua

336 578 454 654 batur,
469 595 491 639 a
512 595 582 658 qua
598 585 633 640 et
646 577 748 654 silva,
764 595 843 659 quae
860 575 975 640 vicina
1000 581 1065 651 est,
1083 571 1203 636 eodem
1227 590 1288 634 no-

337 677 429 739 mine
454 676 661 758 appellatur,
675 683 715 739 ut
730 694 752 738 a
767 675 873 756 vulgo
897 680 1080 755 acceperat
1094 670 1212 753 praedo
1229 690 1287 733 ue-

338 776 544 857 quissimus;
568 775 658 838 unde
678 776 789 838 accito
810 773 854 836 ad
877 793 915 836 se
938 773 1056 837 dolose
1079 771 1123 835 de
1146 770 1286 835 commi·

339 874 505 939 litonibus
531 893 612 952 uno,
638 894 716 937 eum
742 873 870 936 direxit
893 872 937 935 ad
964 891 1080 954 regem
1107 871 1287 945 mandans,

339 981 379 1037 ut
396 993 474 1037 cum
496 993 537 1037 eo
562 974 744 1037 thesauros
759 972 891 1036 dividat
906 979 941 1035 et
957 979 1120 1054 paternas
1135 970 1286 1044 divitiae,

339 1074 404 1135 sub
418 1074 495 1155 ipso
510 1081 736 1153 regnaturus3
753 1071 813 1136 sed
831 1071 933 1134 nimis
949 1070 1185 1134 fraudulenter
1195 1068 1287 1131 Hin-

339 1190 428 1254 guar
445 1171 625 1235 thesauros
648 1172 823 1253 exigebat,
837 1171 898 1252 qui
919 1169 1175 1234 clementissimi
1196 1167 1286 1249 regis

340 1278 446 1354 caput
462 1272 696 1354 potiusquam
712 1270 877 1354 pecunias
899 1270 1050 1334 sitiebat.
1102 1268 1205 1331 Miles
1221 1266 1287 1348 igi-

340 1377 410 1447 tur,
427 1389 505 1434 cum
520 1371 640 1434 volatu
662 1371 828 1434 citissimo
853 1369 897 1433 ad
914 1389 1029 1450 regem
1047 1368 1287 1433 Eadmundum

340 1470 566 1552 pervenisset,
582 1469 618 1533 in
637 1469 728 1533 huuc
742 1470 880 1533 modum
898 1487 960 1532 ora
974 1469 1108 1532 laxavit
1121 1488 1130 1547 3

378 1644 549 1708 Denuntio
564 1644 715 1729 Hioprmr
729 1643 775 1708 ad
788 1595 885 1728 repom
900 1640 1124 1705 Eadtsandam
1140 1641 1238 1705 misso.

390 1761 603 1831 ‘Dominus¹
624 1787 721 1832 meus
746 1766 874 1848 ubique
891 1765 1094 1829 metuendus
1112 1764 1287 1847 Hinguar,

342 1886 404 1930 rex
420 1867 599 1932 Danorum
613 1867 873 1942 invictissimus,
888 1865 932 1930 ad
944 1864 1033 1928 hanc
1042 1865 1188 1948 patriam
1204 1865 1287 1948 hye-

343 1974 500 2031 maturus
526 1967 687 2046 advenit3
711 1965 811 2050 cujus
841 1965 1006 2047 potentiae
1030 1964 1059 2027 si
1085 1973 1288 2046 aspernator

343 2067 531 2143 exstiteris,
556 2073 592 2129 ct
605 2066 679 2129 vita
697 2065 859 2146 indignus
875 2073 911 2128 et
924 2083 1031 2145 regno
1050 2063 1287 2146 judicaberis!

344 2165 390 2229 Et
406 2166 456 2229 sic
470 2166 598 2243 omnia,
613 2184 691 2249 quse
706 2165 772 2228 sibi
795 2164 958 2247 imposita
977 2162 1125 2238 fueraut,
1143 2171 1182 2226 ut
1198 2182 1287 2245 prae-

342 2264 506 2342 diximus,
529 2284 607 2328 cum
627 2264 700 2346 regi
721 2263 948 2346 perordinem
970 2261 1156 2338 retulisset,
1174 2263 1288 2345 piissi-

316 2393 320 2400 ·
342 2382 420 2451 mus
436 2383 498 2426 rex
518 2363 742 2427 Eadmuudus
759 2363 830 2427 alto
846 2363 959 2427 cordis
976 2361 1093 2426 dolore
1108 2361 1287 2443 ingemuit,

341 2470 376 2526 et
395 2462 571 2550 ¹advocato
596 2462 804 2539 Humberto,
826 2461 1088 2526 Helmhamensi
1113 2463 1287 2544 episcopo,

341 2561 521 2626 consilium
545 2562 706 2644 quaesivit
721 2564 765 2625 ab
787 2561 864 2645 ipso
888 2562 1017 2643 dicens,
1033 2561 1085 2624 ‘0
1104 2580 1202 2624 serve
1218 2562 1287 2625 Dei

341 2662 425 2738 vivi,
451 2661 657 2739 Humberte,
681 2669 715 2725 et
736 2661 914 2725 dimidium
934 2661 1057 2724 animae
1085 2679 1183 2737 meae,
1207 2680 1287 2724 ecce

341 2760 511 2825 adventus
535 2762 758 2825 barbarorum
789 2761 944 2824 imminet
975 2760 1202 2838 inimicorum,
1227 2762 1286 2842 qui

340 2860 474 2925 dulcem
493 2863 640 2944 patriam
660 2881 737 2925 cum
756 2862 828 2924 suis
852 2860 1104 2924 habitatoribus
1123 2860 1197 2942 jam
1223 2880 1286 2941 pro

340 2968 439 3043 parto
458 2960 661 3039 desolatam,
676 2961 766 3044 quod
784 2960 958 3024 residuum
982 2967 1036 3023 est
1053 2978 1075 3021 a
1090 2969 1285 3023 nostrorum

340 3061 505 3124 memoria
528 3079 763 3124 successorum
780 3060 934 3123 funditus
959 3058 1072 3123 delere
1096 3067 1285 3139 conantur3

339 3159 400 3223 sed
417 3179 508 3236 ecce,
531 3180 585 3222 me
607 3160 842 3235 occumbente,
864 3160 995 3223 utinam
1011 3158 1187 3241 subjectus
1202 3159 1286 3222 mihi

338 3259 487 3340 populus
510 3259 612 3322 vivus
637 3259 784 3323 evadere
810 3259 1004 3342 potuisset;
1029 3277 1108 3321 nam
1132 3278 1197 3340 ego
1223 3279 1285 3342 pro

337 3375 454 3421 amore
469 3359 567 3439 regni
587 3358 798 3441 temporalis,
814 3359 868 3421 vel
884 3358 980 3422 lucro
994 3358 1076 3421 vitae
1092 3359 1284 3438 praesentis,

337 3475 406 3518 nou
420 3476 474 3520 me
496 3457 677 3539 subjiciam
692 3463 841 3541 tyranno
857 3457 990 3539 gentili,
1004 3476 1082 3521 cum
1097 3477 1160 3539 pro
1182 3465 1286 3538 gente

369 3704 377 3737 ¹
392 3709 510 3758 Dorniuus
533 3725 598 3758 mem
617 3710 725 3773 ubique]
741 3710 795 3759 The
820 3712 865 3759 tibi
886 3710 997 3772 mandat,
1008 3716 1104 3758 utcum
1121 3725 1151 3758 eo
1169 3714 1284 3775 antiquos

332 3792 447 3840 mesoaga
466 3780 489 3826 is
507 3779 566 3827 thus
578 3780 651 3840 given
662 3781 696 3840 by
709 3781 796 3828 Brom·
820 3780 951 3829 thesauros
963 3786 989 3828 et
999 3786 1116 3841 paternas
1132 3781 1235 3832 divitias
1245 3785 1284 3832 di·

331 3853 391 3897 tou:
410 3849 504 3898 ‘Terra
520 3850 634 3909 marique
645 3851 794 3899 metuendus
820 3851 901 3913 vidus,
921 3851 969 3899 sub
987 3866 1017 3898 eo
1034 3850 1148 3899 similiter
1166 3859 1284 3916 regnatu·

330 3917 447 3967 domiuus
458 3924 541 3967 noster
548 3920 652 3980 inguar,
661 3934 705 3968 rex
717 3921 794 3968 invic-
818 3935 879 3979 rus;
904 3922 978 3981 cujus
997 3921 1019 3967 si
1036 3921 1178 3980 aspernaris
1196 3928 1282 3983 poten·

330 3988 454 4050 tissimus,
477 3989 592 4037 diversas
614 3994 693 4037 terras
716 3991 793 4038 armis
817 3991 878 4038 tiam
902 3990 1040 4038 innumeris
1067 3989 1209 4051 legionibus
1231 3993 1281 4041 iul-

329 4057 378 4105 sibi
402 4058 559 4119 subjiciendo
582 4057 614 4105 od
635 4056 712 4121 hujus
734 4074 792 4120 pro·
816 4060 941 4119 tam,vits
951 4060 1071 4120 indignus
1087 4059 1245 4120 judicaberis
1255 4068 1281 4111 et

328 4127 419 4176 vinclae
432 4128 503 4176 littus
514 4133 626 4189 optatum
636 4143 693 4176 cum
705 4129 791 4177 multis
817 4129 914 4191 reguo)
931 4130 1024 4179 Chron.
1037 4130 1085 4179 col.
1098 4133 1155 4178 60⁵.

327 4197 434 4245 navibus
457 4197 612 4246 hiematurus
634 4199 742 4260 appulit,
766 4203 790 4247 et
