2888 4852
322 406 387 472 520
582 422 716 472 uocem
740 424 786 470 nn
810 422 1018 473 wnunovna

161 600 265 640 Batneos
322 581 496 658 inchoato,
511 589 550 646 ut
570 582 705 647 animos
727 581 933 647 bellatorum
956 580 1174 660 accenderet,
1192 581 1286 646 Dei·

161 651 272 702 mmm
323 703 391 765 que
423 682 554 747 auxilio
583 681 783 759 inclamato,
817 681 976 765 praelium
1015 682 1283 747 commiserunt.

323 783 498 848 Bellatum
515 789 568 847 est
584 782 710 847 acriter
728 781 808 846 binc
831 790 867 847 et
888 782 981 861 inde,
996 782 1127 848 neutris
1148 782 1282 847 aeden·

323 882 428 962 tibus,
443 883 479 947 in
496 882 607 946 multa
621 883 707 947 hora
723 882 791 946 diei
804 902 813 962 3
840 901 909 966 quo
929 891 1118 966 comperto,
1134 881 1281 948 Willel-

321 1002 398 1046 mus
422 982 536 1046 innuit
558 984 642 1061 suis,
668 990 708 1047 ut
729 983 811 1047 ficta
828 1002 866 1047 se
883 983 968 1065 fuga
987 1002 1110 1066 campo
1131 983 1280 1048 subtra-

322 1081 455 1159 herent,
478 1101 547 1165 quo
569 1089 764 1147 commento
785 1083 959 1147 exercitus
981 1081 1176 1165 Anglorum
1201 1083 1282 1147 dis·

321 1181 457 1246 solutus
482 1182 584 1266 quasi
604 1201 625 1247 a
645 1191 744 1265 tergo
767 1183 884 1247 hostes
909 1201 1062 1247 caesurus
1086 1183 1279 1264 fugientes,

320 1282 386 1345 sibi
399 1282 545 1346 exitium
559 1283 748 1347 maturavit
759 1303 768 1364 3
786 1281 980 1347 Normanni
993 1282 1083 1347 enim
1094 1283 1280 1348 conversis

321 1382 518 1464 agminibus
543 1381 747 1446 adoriuntur
762 1380 910 1464 Anglos,
928 1402 989 1448 eos
1008 1383 1214 1466 quantocius
1237 1383 1278 1446 in

320 1481 440 1563 sugam
454 1489 630 1564 cogentes.
681 1480 791 1564 Angli
806 1481 955 1560 demum,
970 1482 1104 1546 tumulo
1119 1481 1277 1565 quodam

319 1588 502 1665 occupato,
515 1580 736 1646 Normanuos
750 1581 865 1647 calore
881 1601 1066 1647 succensos
1083 1583 1211 1646 acriter
1223 1583 1276 1646 ad

319 1682 498 1764 superiora
512 1682 661 1746 nitentes
675 1681 712 1745 in
728 1682 854 1746 vallem
874 1681 1053 1765 dejiciunt,
1069 1689 1105 1746 et
1123 1681 1194 1746 levi
1209 1702 1277 1747 ne·

320 1783 417 1863 gotio
448 1781 484 1844 in
511 1781 629 1847 hostes
654 1781 725 1845 tela
752 1789 990 1864 retorquentes
1016 1789 1051 1846 et
1075 1782 1209 1866 lapides
1234 1783 1275 1845 in

320 1901 379 1945 eos
403 1887 570 1959 rotantes,
596 1881 724 1946 multos
752 1901 797 1946 ex
822 1883 873 1946 eis
900 1885 1151 1965 pro'stemuut3
1184 1882 1273 1945 item

319 1978 440 2063 Angli,
464 1981 632 2046 fossatum
654 1981 826 2065 quendam
853 1991 1066 2066 praeruptum
1094 1989 1178 2046 noto
1201 1982 1275 2046 sibi

318 2081 467 2146 transitu
493 2088 716 2165 occupantes,
744 2090 797 2146 tot
820 2083 868 2146 ibi
895 2081 1117 2148 Normannos
1140 2083 1274 2146 contri-

317 2189 454 2261 verunt,
473 2189 512 2247 ut
533 2182 704 2247 cadavera
723 2183 836 2265 campi
855 2182 1032 2265 planitiem
1055 2183 1188 2247 tumulo
1209 2200 1272 2246 co·

318 2289 509 2366 aequarent.
561 2281 686 2347 Valuit
716 2281 790 2346 baec
812 2281 1028 2359 vicissitudo,
1059 2282 1161 2346 modo
1191 2281 1272 2346 istis

318 2382 420 2458 modo
442 2383 511 2446 illis
527 2382 757 2459 vincentibus,
775 2382 940 2465 quamdiu
957 2382 1107 2447 Haroldi
1124 2382 1271 2465 spiritus

318 2482 453 2564 corpori
471 2482 695 2566 jungebatur.
748 2483 908 2566 Denique
930 2503 1000 2547 non
1023 2489 1207 2547 contentus
1228 2490 1270 2547 ut

318 2582 405 2646 ulios
435 2581 643 2661 hortaretur,
672 2581 756 2665 quin
786 2583 905 2647 militis
942 2581 1090 2647 officium
1126 2582 1269 2646 sedulus

317 2689 578 2765 exsequeretur,
598 2701 692 2765 saepe
714 2681 831 2745 hostes
854 2681 1009 2746 cominus
1026 2683 1201 2747 venientes
1219 2682 1270 2745 se·

317 2782 440 2859 riebat,
469 2790 510 2845 ut
538 2782 655 2845 nullus
683 2782 824 2863 impune
855 2781 1045 2859 accederet,
1071 2800 1174 2864 quem
1197 2800 1267 2844 non

317 2882 435 2946 statim
457 2901 527 2946 uno
551 2881 635 2959 ictu,
658 2899 783 2963 equum
810 2887 845 2944 et
871 2881 1034 2964 equitem,
1052 2881 1096 2945 ab
1118 2881 1267 2944 invicem

317 2988 506 3065 separaret.
545 2981 575 3044 E
590 2991 713 3046 contra
727 2980 923 3046 Willelmus
938 2980 1087 3045 clamore
1105 2999 1186 3044 suos
1205 3001 1269 3044 ex-

317 3081 461 3146 hortans
478 3082 569 3146 inter
582 3082 711 3165 primos
722 3081 948 3158 discurrebat,
959 3087 1137 3145 consertos
1149 3079 1268 3145 hostes

316 3181 479 3246 invadere
499 3200 569 3244 non
589 3182 736 3258 sinebat,
759 3188 794 3245 et
813 3180 902 3257 ideo,
918 3180 1000 3244 dum
1021 3181 1146 3264 ubique
1164 3182 1268 3244 saevit

317 3289 353 3347 et
369 3281 521 3365 undique
535 3281 682 3359 frendet,
697 3289 767 3346 tres
780 3300 888 3363 equos
905 3281 1129 3344 electissimos
1146 3279 1268 3343 eodem

317 3382 373 3446 die
395 3383 459 3445 sub
481 3401 519 3446 se
542 3381 722 3446 confossos
744 3382 881 3459 amisit3
912 3388 959 3456 et,
984 3381 1143 3463 quamvis
1166 3379 1269 3444 sami·

316 3483 394 3546 liari
411 3500 552 3546 susurro
569 3501 592 3545 a
606 3480 807 3546 custodibus
823 3481 877 3543 sui
899 3481 1054 3563 corporis
1071 3480 1269 3561 increpare-

317 3590 385 3658 tur,
401 3582 551 3664 perstitit
570 3587 685 3645 tamen
708 3575 919 3664 maginanimi
933 3580 1030 3643 ducis
1046 3581 1147 3661 vigor
1168 3578 1268 3643 inde-

316 3681 440 3758 fessus,
456 3680 565 3745 donec
581 3680 774 3758 Haroldus,
786 3682 858 3745 ictu
876 3681 1015 3762 sagittae
1029 3681 1170 3744 cerebro
1187 3699 1267 3762 per-

314 3781 440 3857 forato,
464 3780 637 3859 occubuit,
661 3788 696 3844 et
718 3781 868 3845 moriens
889 3779 1069 3844 victoriam
1091 3778 1267 3843 Norman-

314 3882 369 3944 nis
391 3882 581 3959 concessit3
600 3881 751 3966 jacentis
767 3900 905 3964 quoque
928 3879 1038 3944 femur
1061 3880 1152 3961 regis
1175 3898 1267 3942 unus

315 3980 462 4045 militum
480 3981 597 4063 gladio
620 3980 788 4065 praecidit,
811 3980 901 4044 unde
919 3999 941 4044 a
955 3979 1132 4045 Willelmo
1152 3979 1266 4061 turpi-

315 4081 435 4145 tudine
447 4089 600 4159 notatuS,
615 4080 707 4164 quod
724 4101 793 4144 rem
809 4080 1003 4163 pudendam
1021 4080 1171 4156 fecisset,
1188 4079 1264 4162 pul-

314 4199 374 4244 sus
389 4181 467 4246 suit.
521 4182 622 4264 Fuga
642 4188 758 4246 autem
774 4179 968 4262 Anglornm
988 4200 1098 4262 usquc
1121 4179 1164 4243 ad
1184 4198 1267 4243 noc·
1376 4214 1379 4219 ·
