2888 4852
331 415 397 481 238
589 431 723 479 nonani
747 430 794 478 nn
817 429 1021 479 wasnovnn

333 606 408 649 rum
435 585 732 669 archiepiscopatu
757 586 922 667 insignire
948 585 1125 650 affectans.
1180 583 1279 648 Misit

332 679 513 768 igitur¹ad
536 704 662 769 papam
680 684 872 748 Adrianum
896 684 1048 760 nuntios,
1069 684 1212 765 exigens
1234 685 1279 747 ab

332 803 386 862 eo,
410 792 449 848 ut
475 783 583 868 pallio
604 784 797 861 Aldulsum,
826 783 1118 848 lichefeldensem
1146 784 1279 867 episco-

332 903 427 965 pum,
457 891 579 948 contra
607 903 737 948 morem
764 890 919 947 veterum
951 883 1146 965 insigniret,
1174 890 1278 964 atque

332 1001 450 1046 omnes
468 983 565 1064 regni
586 982 641 1046 sui
664 983 844 1067 episcopos
861 983 893 1047 ei
917 982 1131 1065 subjugaret.
1184 982 1277 1046 Nam

332 1082 575 1146 verisimilibus
591 1082 816 1163 apostolicum
835 1082 1046 1164 argumentis
1064 1089 1135 1147 tam
1156 1081 1215 1145 diu
1228 1081 1279 1144 sa·

334 1180 518 1262 ligaverat,
542 1181 633 1245 sicut
647 1200 710 1263 pro
724 1181 830 1245 variis
855 1179 1139 1263 occupationibus
1163 1181 1206 1244 de
1228 1179 1280 1245 ia-

333 1278 391 1342 cih
409 1280 560 1344 Romani
581 1280 761 1361 pontificos
784 1279 968 1345 trahuntur
995 1279 1039 1344 ad
1061 1299 1280 1356 consensum,

333 1379 483 1442 obtinuit
508 1379 601 1460 quod
630 1381 782 1462 petebat,
807 1387 846 1443 ut
869 1378 1032 1443 videlicet
1056 1399 1175 1443 omnes
1199 1399 1279 1463 pro·

333 1477 456 1542 vinciae
477 1476 567 1559 [scil.
581 1477 777 1561 pontifices]
794 1477 1003 1543 Marciorum
1029 1479 1280 1563 subjicerentur

333 1576 495 1659 episcopo
503 1577 714 1658 supradicto,
723 1596 868 1658 quorum
883 1577 1023 1641 nomina
1032 1578 1107 1642 haec
1119 1578 1278 1656 fuerunt3

334 1675 563 1753 Denebertus,
576 1675 829 1758 Wigomiensis
845 1677 1040 1759 episcopus,
1055 1677 1279 1742 Werehertus

336 1774 648 1857 Legeccestrensis,
659 1774 828 1839 Eadulfus
841 1775 1120 1855 Sinacestrensis,
1131 1776 1280 1841 Wlwar·

334 1873 399 1937 dus
426 1873 715 1952 Heresordensis3
740 1874 893 1957 episcopi
911 1874 1129 1939 orientalium
1146 1873 1281 1957 Anglo·

334 1993 423 2051 rum,
464 1972 645 2056 Hyraldus
683 1972 975 2050 Helmhamensis,
1015 1981 1051 2037 et
1079 1974 1279 2038 'lidlorthus

335 2071 610 2136 Dommuoensis.
628 2072 884 2137 Remanserunt
895 2079 1011 2137 autem
1021 2073 1280 2157 archiepiscopo

335 2169 590 2248 Cantuariensi,
629 2171 812 2255 episcopus
845 2170 1109 2248 londoniensis,
1141 2172 1280 2236 Winto·

335 2271 463 2348 nensis,
490 2269 677 2347 Roffensis,
697 2269 982 2334 Scireburnensis.
1034 2270 1140 2336 Stetit
1164 2279 1279 2336 antem

334 2369 409 2432 haec
448 2369 540 2451 regis
567 2367 733 2433 violentia
764 2377 839 2434 toto
869 2368 893 2433 J
895 2369 1041 2434 ainberti
1071 2370 1279 2454 praesulatus

335 2461 500 2556 tempore,
519 2469 678 2550 quamvis
704 2468 794 2533 idem
821 2468 1098 2551 archiepiscopus
1124 2470 1209 2533 nihil
1225 2470 1281 2533 vel

335 2566 530 2649 sumptibus
561 2565 617 2630 vel
651 2565 826 2631 laboribus
860 2568 1044 2646 omisisset,
1074 2589 1143 2650 quo
1178 2570 1279 2652 [non]

336 2666 510 2731 amitteret
526 2665 707 2748 pristinam
724 2666 939 2748 dignitatem.

450 2835 606 2922 Aldalsos
621 2836 867 2922 archiepiscopus
874 2834 1015 2921 pallium
1029 2838 1169 2923 suscepit.

387 2959 491 3027 Anno
524 2961 666 3025 Domini
695 2951 1086 3038 nocuxv1.²Aldullus,
1112 2961 1283 3026 Lichesel-

336 3060 452 3124 densis
477 3060 768 3144 archiepiscopus,
791 3058 933 3141 pallium
964 3060 1129 3141 suscepit,
1148 3068 1183 3124 ct
1207 3062 1282 3125 Fri·

337 3160 527 3238 thebertus,
543 3159 838 3241 Hagustaldensis
853 3157 1050 3241 episcopus,
1063 3159 1158 3224 obiit.

387 3258 492 3324 Anno
518 3257 660 3323 Domini
686 3273 871 3322 nccuxvn.
889 3257 1054 3339 Egberto,
1075 3257 1283 3323 Eboracensi

336 3351 1186 3442 archiepiscopodefuncto,³Eanbaldussuccessit.
1211 3358 1284 3423 Iste

336 3465 390 3522 est
416 3457 629 3534 Eanbaldus,
655 3456 716 3538 qui
742 3475 820 3520 cum
849 3454 1075 3544 hthelhardo,
1099 3457 1284 3522 Cantuari-

371 3714 432 3766 'Ad
447 3733 534 3780 popum
555 3715 715 3778 Admouet]
736 3714 798 3764 ‘l'his
824 3714 910 3775 mund,
928 3729 956 3761 or
967 3714 1104 3775 Alcmund‚
1116 3729 1170 3763 was
1187 3716 1284 3764 elected

336 3786 359 3834 is
378 3787 502 3835 sufficient
517 3793 543 3834 to
560 3801 636 3848 prove
655 3786 710 3834 that
721 3785 799 3833 Wen·
824 3785 848 3831 in
868 3787 926 3844 tor,
942 3783 993 3832 and
1015 3784 1176 3833 consecrated
1192 3801 1225 3833 on
1241 3785 1283 3834 the

335 3854 413 3906 dover
434 3856 480 3905 has
501 3856 628 3916 evidently
651 3853 798 3904 ante-dated
823 3854 882 3903 alth
893 3853 968 3914 April
977 3857 1035 3902 768.
1058 3853 1114 3902 Ric.
1128 3853 1282 3916 Hnguslald.

335 3924 377 3974 the
388 3927 491 3975 mission
499 3924 528 3973 of
536 3925 596 3974 Offa
604 3923 799 3986 respectingthe
856 3920 1051 3981 'Eanbaldus.]
1080 3923 1153 3971 From
1178 3925 1283 3974 Malms-

335 4009 379 4044 ωε
400 3995 429 4043 os
448 3994 579 4045 Lichtield.
628 3994 654 4043 lt
675 3993 797 4055 probably
822 3992 895 4053 bury,
912 3993 945 4040 de
966 3991 1039 4041 Geat.
1059 3991 1153 4041 Pontii.
1176 4009 1202 4055 p.
1225 3999 1284 4055 209,

334 4063 394 4113 took
406 4064 620 4125 placeafterlfld.
822 4060 879 4110 who
895 4062 957 4110 cites
974 4076 990 4109 a
1008 4075 1116 4122 passage
1134 4063 1159 4110 in
1177 4079 1193 4112 a
1210 4065 1283 4112 letter

336 4143 338 4147 '
369 4130 530 4203 ’Aldulfru.]
547 4134 590 4183 He
606 4132 666 4182 died
680 4131 796 4181 meatrd
821 4130 850 4178 of
863 4130 957 4178 Alcuin
972 4130 1164 4180 tvothelhard
1181 4134 1206 4182 in
1223 4149 1284 4194 sup-

335 4202 410 4267 Dec„
431 4205 481 4253 and
503 4205 544 4252 his
565 4217 705 4262 successor,
733 4200 797 4249 Alb·
820 4204 876 4260 port
887 4198 916 4247 ol
922 4200 962 4249 his
972 4200 1082 4261 opinion.
