2888 4852
361 403 428 467 464
617 418 752 468 nocam
778 420 1055 471 nnwnnnovaa

362 586 490 657 tarent,
516 580 717 662 supervenit
741 578 882 661 quidam
912 582 1094 666 presbyter
1118 579 1324 664 religiosuS,

362 680 500 743 nomine
523 672 777 755 ¹Eadmundus,
807 687 842 744 et
864 679 947 764 joco
970 680 1072 757 dixit,
1096 679 1238 760 ‘Quare
1260 702 1323 747 me

362 780 562 862 episcopum
587 801 655 845 non
681 779 809 862 eligitis
818 778 845 844 l’
897 780 1008 866 Cujus
1027 781 1147 865 jocum
1169 801 1240 846 non
1257 781 1321 865 jo·

362 897 441 943 cose
467 888 674 963 acceperuut
694 879 847 963 episcopi
869 879 929 963 qui
952 881 1110 958 aderant,
1131 881 1192 944 sed
1215 881 1320 946 illum

362 980 590 1043 communiter
609 980 801 1062 elegerunt,
819 985 866 1057 et,
891 979 1023 1045 indicto
1041 981 1202 1046 triduano
1217 980 1318 1065 jeju-

363 1079 434 1154 nio,
452 1078 666 1144 voluntatem
690 1098 794 1162 super
818 1078 883 1143 hoc
905 1080 1017 1145 sancti
1036 1079 1218 1146 cuthberti
1239 1082 1319 1165 epi·

362 1179 458 1261 scopi
470 1178 701 1261 requirebant.
754 1177 960 1244 celebrante
975 1179 1096 1263 itaque
1111 1181 1252 1244 missam
1268 1182 1317 1246 ad

361 1285 468 1360 caput
486 1278 598 1343 sancti
623 1278 803 1344 Cuthherti
818 1281 1034 1363 presbytero,
1051 1281 1088 1345 in
1114 1281 1227 1345 medio
1253 1301 1318 1346 ca·

343 1383 347 1389 '
362 1398 451 1442 none
465 1379 565 1461 quasi
582 1378 625 1443 de
640 1379 749 1463 ipsius
764 1379 874 1460 patris
899 1380 1082 1462 sepulchro
1096 1380 1223 1445 emissa
1240 1402 1317 1447 vox

360 1478 481 1542 audita
504 1487 570 1558 est,
584 1499 663 1562 quae
685 1479 796 1543 tribus
812 1480 945 1544 vicibus
971 1481 1212 1544 Eadmundum
1238 1482 1317 1565 epi·

360 1597 504 1662 scopum
521 1580 723 1644 nominavit.

369 1751 458 1833 Quod
470 1775 524 1819 ren
540 1756 637 1821 Oculo
651 1754 740 1841 apud
751 1763 890 1819 sanetum
904 1755 1128 1820 Eodmaadam
1142 1755 1306 1822 nwaccltoa

715 1876 774 1919 essa
788 1855 953 1927 constituit.

197 1995 332 2086 compllare·
411 1980 539 2044 Eodem
561 1999 652 2045 anno
674 2001 737 2045 rex
752 1979 947 2063 Anglorum
962 1987 998 2043 et
1015 1979 1194 2043 Danorum
1213 1979 1312 2045 Cnu·

197 2056 338 2187 ffidp'hr-
360 2086 409 2157 to,
428 2074 645 2145 ²constructo
677 2082 785 2164 regali
815 2079 1026 2146 monasterio
1057 2098 1134 2142 cum
1164 2078 1312 2145 officinis

286 2174 291 2185 ’
359 2181 633 2264 competentibus
648 2181 684 2244 in
699 2181 788 2258 loco,
797 2180 857 2263 qui
875 2178 1242 2245 ‘Baderichusforthe’
1257 2181 1312 2245 di-

359 2281 461 2357 citur,
486 2281 544 2345 ubi
565 2282 687 2345 beatus
712 2301 775 2345 rex
791 2288 827 2345 et
843 2287 975 2363 martyr
998 2278 1234 2356 Eadmundus,
1258 2281 1310 2344 iu-

360 2389 523 2462 corrupto
544 2399 699 2462 corpore,
714 2381 805 2445 diem
832 2382 943 2445 beatae
965 2380 1225 2443 resurrectionis
1248 2400 1312 2444 ex-

359 2487 506 2562 spectat,
530 2481 674 2545 consilio
699 2480 829 2545 Emmae
855 2479 984 2563 reginae
1010 2486 1045 2542 et
1068 2478 1311 2561 episcoporum

359 2581 489 2661 pariter
506 2599 547 2644 ac
561 2580 728 2644 baronum
747 2581 856 2663 regni,
871 2578 1058 2644 monachos
1081 2579 1116 2642 in
1134 2599 1175 2642 eo
1190 2580 1311 2645 vivere

358 2681 551 2757 constituit,
569 2681 759 2762 praeficiens
775 2682 806 2744 ei
824 2681 996 2755 abbatem,
1016 2672 1170 2743 ³nomiue
1185 2679 1311 2744 Wido-

359 2800 449 2858 nem,
468 2781 578 2845 virum
603 2780 779 2868 humilem,
801 2781 1006 2855 modestum,
1028 2786 1248 2842 mansuetum
1273 2791 1311 2844 et

358 2881 465 2962 pium.
518 2880 722 2945 Coenohium
739 2889 854 2944 autem
878 2879 970 2943 beati
987 2878 1079 2961 regis
1094 2885 1129 2942 et
1144 2881 1311 2962 martyris

359 2987 412 3043 tot
426 2980 565 3062 praediis
583 2981 739 3045 achonis
762 2980 840 3043 aliis
854 2979 992 3055 ditavit,
1008 2986 1047 3042 ut
1060 2979 1218 3042 omnihus
1235 2979 1310 3045 fere

358 3077 497 3162 Angliae
514 3080 732 3144 monasteriis
746 3081 782 3142 in
798 3081 899 3143 rebus
921 3078 1168 3161 temporalibus
1183 3080 1308 3145 merito

358 3181 586 3262 praeseratur3
618 3180 837 3263 presbyteros
866 3186 994 3256 autem,
1017 3179 1076 3261 qui
1100 3179 1224 3242 ibidem
1251 3200 1309 3243 or-

358 3279 476 3344 dinate
505 3281 679 3357 vixerant,
706 3280 823 3344 autin
852 3279 971 3344 eodem
1003 3279 1080 3343 loco
1105 3277 1148 3341 ad
1169 3278 1309 3343 culmen

359 3379 534 3461 religionis
556 3381 730 3463 provexit,
755 3386 816 3443 aut
843 3381 946 3443 rebus
969 3377 1038 3441 illis
1058 3378 1136 3442 aliis
1157 3378 1309 3458 collatis,

359 3479 448 3542 unde
464 3480 567 3544 solito
582 3480 813 3544 abundantius
826 3480 993 3554 viverent,
1009 3478 1052 3540 ad
1069 3477 1137 3541 alia
1150 3478 1228 3542 loca
1245 3481 1310 3543 mi·

358 3598 458 3660 grare
473 3579 565 3642 secit.
611 3579 740 3643 Eodem
764 3579 869 3644 etiam
893 3586 1058 3660 tempore,
1076 3577 1153 3641 loca
1177 3579 1307 3657 omnia,

358 3677 393 3741 in
408 3678 531 3760 quibus
545 3686 774 3760 pugnaverat,
789 3679 942 3744 ecclesiis
954 3676 1146 3760 insignivit,
1161 3685 1196 3742 et
1211 3699 1310 3761 pres·

393 3986 399 4017 ¹
412 3982 592 4055 Eodmuudas]
608 3987 662 4036 The
673 3995 780 4038 account
791 3987 820 4037 ot
875 3986 886 4016 ²
898 3990 1041 4039 Contracta
1049 3989 1128 4052 regali
1139 3987 1308 4061 mercatoria]

355 4059 397 4108 the
408 4059 531 4108 elevation
540 4056 569 4106 oi
578 4057 710 4106 Eadmund
722 4060 745 4108 is
753 4058 816 4109 from
841 4060 965 4121 Compare
977 4061 1146 4122 Malmsbury,
1157 4076 1183 4120 p.
1195 4064 1253 4110 too.

354 4128 490 4190 Turgotus,
501 4128 559 4176 who
578 4128 664 4189 places
683 4128 723 4176 his
739 4129 815 4178 death
875 4128 886 4160 ³
899 4130 1001 4180 Nomine
1014 4131 1163 4194 widonem]
1175 4127 1307 4194 ‘Uvium,'

354 4199 380 4248 in
393 4202 453 4248 1041
465 4215 473 4259 ς
489 4198 567 4260 Angl.
578 4199 649 4248 Sacr.
660 4198 678 4248 i.
690 4214 716 4261 p.
728 4202 785 4249 7⁰1.
840 4200 903 4250 Tho.
916 4200 975 4263 Ely,
987 4201 1057 4250 Hist.
1070 4201 1120 4250 Eli.
1133 4215 1159 4262 p.
1170 4204 1228 4250 608.
