2888 4852
363 415 429 480 432
614 430 748 478 nnnnar
774 431 820 477 ns
844 430 1049 479 wannovnrr

202 604 324 655 natur«
362 587 540 650 stertentis
562 587 713 669 positum
737 585 949 652 Gerebertus
972 588 1119 670 arripnit
1145 594 1181 653 et
1210 588 1324 672 sugit

364 687 537 768 Magister
552 706 674 751 somno
690 706 871 765 exeussus,
887 687 1013 751 indicio
1035 688 1229 766 stellarum,
1244 709 1326 771 qua

363 793 439 850 erat
453 794 528 850 arte
542 787 685 868 peritus,
698 787 1116 869 insequitnrsngientem3
1140 786 1323 853 Gereber-

364 893 423 950 tus
441 905 580 968 quoqne
602 905 647 949 ex
670 886 848 950 stellarum
871 887 1085 969 inspectione
1106 888 1321 968 magnstmm

362 1004 402 1048 se
433 985 670 1068 insequentem
701 986 926 1068 comperiens,
954 987 1020 1049 sub
1047 994 1153 1068 ponte
1183 987 1323 1068 ligneo,

364 1085 424 1166 qui
446 1104 553 1166 prope
570 1092 657 1163 erat,
673 1104 711 1148 se
727 1085 908 1149 abscondit
921 1085 1091 1167 pendulus
1115 1092 1151 1149 et
1170 1095 1320 1168 pontem

364 1184 576 1266 amplectens
605 1193 645 1249 ut
668 1205 731 1249 nec
759 1202 885 1267 aquam
917 1191 1076 1265 tangeret
1104 1204 1217 1268 neque
1244 1194 1321 1251 ter-

364 1302 458 1362 ram3
481 1284 532 1347 ita
548 1285 734 1366 quaerentis
756 1283 922 1347 aviditate
943 1283 1123 1363 frustrata,
1144 1287 1321 1368 magister

363 1381 502 1447 domum
520 1390 555 1446 et
572 1384 757 1448 revertitur
771 1383 948 1447 confusus.
982 1382 1082 1447 Tunc
1099 1383 1320 1451 Gerebertns

361 1482 430 1546 iter
448 1483 634 1565 expediens
658 1484 752 1547 venit
781 1483 826 1545 ad
849 1501 955 1560 mare,
978 1482 1049 1559 ubi,
1070 1503 1133 1565 per
1152 1484 1319 1550 incanta·

362 1580 474 1646 tiones
500 1582 638 1647 diabolo
669 1584 851 1659 advocato,
873 1581 1070 1663 homagium
1096 1584 1128 1646 ei
1153 1583 1247 1662 fecit,
1272 1596 1318 1650 ut

362 1701 401 1745 se
426 1701 448 1746 a
472 1683 639 1764 magistro
664 1683 866 1765 insequente
892 1688 1006 1745 tutum
1038 1682 1130 1746 ultra
1163 1684 1316 1766 pelagus

363 1788 627 1864 transportaret,
658 1782 750 1864 quod
782 1780 912 1845 iactum
948 1788 1028 1861 est3
1061 1782 1168 1863 igitur
1199 1782 1316 1849 Gere-

362 1881 480 1945 bertus
497 1881 650 1946 Galliam
667 1881 860 1971 repatrians
880 1881 1036 1963 publicas
1060 1881 1238 1964 ingressus
1256 1895 1315 1951 est

361 1981 510 2060 scholas,
544 1982 603 2045 ubi
636 1981 764 2045 multos
794 1981 970 2061 praedictae
1000 1980 1155 2045 scientiae
1185 1983 1313 2051 habuit

363 2081 562 2213 discipulos'.

200 2201 351 2294 pin-psum
415 2174 554 2246 Fertur'
585 2181 629 2246 de
650 2181 716 2245 hoc
745 2180 948 2259 Gereberto,
973 2181 1066 2263 quod
1090 2182 1217 2247 fuderit
1244 2186 1313 2249 sibi

361 2286 488 2344 statnae
521 2289 639 2365 caput,
668 2287 764 2345 certa
795 2281 1008 2363 inspectione
1035 2281 1197 2359 siderum,
1228 2303 1310 2348 cum

361 2399 481 2452 omnes
499 2381 660 2445 videlicet
684 2380 834 2462 planetae
857 2380 1002 2445 exordia
1020 2400 1140 2445 cursus
1161 2383 1214 2445 sui
1237 2401 1314 2448 me·

361 2479 565 2557 ditarentur,
599 2489 634 2544 et
655 2480 721 2543 hoc
747 2487 852 2562 caput
875 2499 942 2544 non
967 2481 1034 2544 nisi
1056 2483 1310 2564 interrogatum

360 2579 570 2661 loqueretur,
592 2580 651 2643 sed
675 2598 792 2644 verum
816 2580 872 2642 vel
894 2580 1054 2662 negative
1078 2581 1132 2644 vel
1160 2580 1313 2648 affirma-

362 2681 433 2743 tive
464 2681 723 2761 pronuntiaret;
755 2687 794 2742 ut
826 2679 920 2742 verbi
951 2681 1076 2760 gratia,
1107 2698 1185 2744 cum
1216 2683 1311 2747 dice-

361 2787 414 2844 ret
430 2778 652 2857 Gerebertus,
670 2786 679 2813 ‘
696 2779 766 2842 Ero
784 2778 994 2861 apostolicus
1004 2779 1030 2842 i’
1043 2780 1220 2862 respondit
1237 2789 1311 2846 sta-

361 2886 435 2957 tua,
469 2880 610 2943 ‘Etiam
624 2880 646 2958 3'
669 2878 829 2943 ‘Moriar
851 2886 1036 2960 antequam
1062 2881 1200 2943 missam
1225 2901 1311 2945 can·

361 2985 429 3042 tem
447 2981 482 3043 in
500 2979 719 3043 Hierusalem
732 2979 759 3042 i’
796 2976 927 3042 ‘Non’
965 2970 1180 3042 ²Hocillnm
1196 2981 1307 3045 ambi·

360 3099 431 3161 guo
452 3080 632 3162 deceptum
655 3078 781 3153 ferunt,
805 3084 843 3140 ut
868 3076 952 3140 nihil
980 3084 1062 3141 ante
1082 3086 1226 3142 mortem
1248 3101 1310 3145 co·

360 3179 489 3260 gitaret
511 3179 737 3261 poenitentiae,
755 3178 815 3259 qui
831 3177 1026 3241 confidebat
1042 3177 1084 3241 de
1101 3178 1204 3260 longo
1222 3187 1312 3244 tem-

359 3298 442 3360 pore
471 3280 565 3356 vitae,
599 3297 662 3343 nec
692 3277 865 3361 praevidit,
896 3277 989 3359 quod
1018 3283 1072 3340 est
1098 3275 1220 3342 Romae
1253 3301 1310 3345 ee·

359 3379 464 3442 clesia
490 3378 752 3442 ‘Hierusalem'
777 3385 913 3454 vocata,
938 3377 996 3440 ubi
1022 3384 1141 3441 cantat
1165 3379 1307 3444 missam

360 3497 463 3560 papa,
490 3498 566 3540 cum
593 3477 827 3559 praetitulatur
855 3476 960 3539 statio
988 3475 1032 3538 ad
1061 3475 1306 3559 Hierusalem

358 3579 417 3640 ubi
435 3597 511 3640 cum
533 3578 673 3639 missam
696 3583 871 3638 cantasset
887 3574 1110 3654 Gerebertus,
1128 3577 1217 3641 lecto
1234 3587 1310 3644 sta·

358 3677 419 3739 tim
446 3677 640 3740 infirmatus
665 3676 838 3753 decubuit,
864 3684 899 3739 et
925 3682 1044 3739 statua
1069 3676 1228 3741 consulta
1248 3679 1310 3743 de-

356 3777 548 3859 ceptionem
564 3795 660 3840 suam
679 3784 714 3840 et
730 3783 874 3840 mortem
888 3775 1062 3857 cognovit.
1115 3773 1309 3844 Advocatis

391 4016 816 4081 ¹Fertaruetoc.]Mn1msb.Hist.
843 4016 885 4076 bly
897 4015 939 4063 the
957 4016 1037 4078 origin
1056 4017 1085 4066 os
1098 4018 1140 4067 the
1157 4021 1263 4080 parallel
1282 4025 1312 4072 os

353 4091 366 4154 p
381 4094 436 4139 1⁷2.
842 4085 996 4147 Shakspcre‚

388 4157 466 4208 ²Hoc
482 4159 551 4207 itiam
567 4157 701 4219 ambigua]
720 4158 816 4207 Proba·
912 4155 980 4274 ‘inH
987 4154 1042 4203 that
1052 4155 1211 4272 ddepusalem
1238 4161 1306 4212 shall

982 4239 1040 4287 arry
1071 4240 1103 4276 re.
