2888 4852
432 431 573 481 rnonns
596 431 869 482 nrsronmnou.
1086 416 1131 481 95

171 592 296 657 boatus
305 590 500 675 Gregorius
514 591 590 656 vice
602 591 837 657 archidiaconi
853 592 888 656 in
905 593 990 656 urhe
1001 592 1129 669 Roma,

173 693 233 775 qui
255 712 319 777 pro
344 699 446 758 tanta
462 693 590 757 civium
618 692 717 756 clade
738 692 848 777 jussit
869 694 943 758 fieri
963 693 1126 777 septifor-

178 813 268 858 mem
286 786 476 857 ¹litaniam.
528 792 747 876 Septisormis
761 794 882 858 litania
904 793 981 858 idco
994 793 1131 870 dicitur,

175 894 258 976 qnia
273 893 309 957 in
324 891 402 957 loco
423 894 536 977 primo
559 892 626 957 fuit
642 894 753 958 omnis
774 895 899 971 clerus,
920 894 957 958 in
979 893 1130 958 secundo
1143 922 1252 971 oseca

175 1012 295 1057 omncs
312 994 457 1057 abbates
474 1013 552 1057 cum
578 995 651 1058 suis
673 994 862 1072 monachis,
879 995 914 1058 in
931 995 1035 1060 tertio
1057 1014 1131 1058 om·
1143 975 1164 1014 ⁸·
1175 974 1274 1022 ‘’W''

177 1113 238 1159 ncs
268 1094 456 1159 abbatissae
487 1113 567 1160 cum
594 1095 667 1158 suis
697 1094 917 1171 monialibus,
945 1095 981 1158 in
1007 1103 1132 1178 quarto

177 1214 297 1258 omncs
323 1194 487 1270 infantes,
512 1195 549 1259 in
569 1195 693 1278 quinto
715 1215 835 1258 omncs
857 1195 950 1271 laici,
972 1194 1008 1257 in
1031 1204 1133 1259 sexto

178 1295 350 1359 univcrsae
378 1294 506 1372 viduas,
540 1295 576 1359 in
608 1294 755 1377 septimo
786 1315 906 1360 omnes
940 1294 1132 1378 conjugati.

181 1394 249 1459 His
264 1394 425 1459 omnibus
440 1395 494 1458 vir
510 1395 578 1459 Dei
600 1396 666 1460 ritc
688 1394 866 1478 dispositis
892 1402 1024 1478 pestem
1043 1414 1132 1477 prae-

179 1495 299 1572 satam,
316 1496 405 1559 iram
423 1495 489 1559 Dei
512 1494 717 1579 mitigando,
741 1496 879 1579 ponitus
902 1497 946 1559 ab
968 1496 1052 1559 urhe
1074 1495 1134 1558 dc·

181 1596 291 1660 tersit.

527 1736 694 1823 Grcyoriuc
702 1757 804 1823 popo.

231 1860 338 1928 Anno
353 1862 478 1945 gratia
493 1878 609 1927 oxon.
624 1862 748 1926 beatus
762 1853 985 1941 ²GregoriuS,
1005 1860 1135 1944 populo
1147 1893 1257 1933 insa.

182 1963 396 2028 acclamante
410 1983 488 2028 cum
505 1961 611 2040 clero,
626 1979 720 2046 papa
734 1961 876 2037 clectus,
893 1960 973 2024 licet
988 1961 1135 2026 multum
1147 1944 1235 2046 propper

183 2063 335 2128 renitens
360 2064 512 2147 scipsum
545 2062 773 2139 absentando,
800 2060 938 2125 tandem
971 2062 1134 2127 inventus

185 2172 219 2229 et
243 2164 498 2229 inthronizatus
530 2170 604 2243 est3
632 2163 693 2245 qui
719 2163 810 2226 inter
837 2167 964 2224 caetcra
992 2163 1134 2246 pictatis

185 2283 304 2347 opera,
335 2263 480 2349 Trajani
517 2262 692 2346 quondam
724 2261 942 2344 imperatoris
973 2264 1136 2341 animam,

185 2365 345 2448 quamvis
367 2365 508 2449 pagani,
522 2383 544 2428 a
566 2364 679 2448 poenis
701 2362 827 2427 inferni
843 2364 1032 2444 promeruit
1052 2364 1137 2427 libc-
1168 2380 1171 2387 ⁴

186 2465 265 2529 rari.
300 2463 593 2548 Antiphonarium
604 2464 810 2545 composuit,
823 2461 1043 2545 Kyriclcison
1059 2483 1136 2528 cum
1150 2495 1262 2546 mmm„

186 2564 327 2630 allcluia
350 2565 395 2629 ad
421 2565 544 2629 missas
559 2564 694 2628 cantari
717 2561 881 2639 instituit,
896 2572 932 2627 ct
945 2563 982 2626 in
1006 2582 1137 2628 canone

187 2665 301 2729 missar
319 2664 388 2730 tria
404 2666 511 2730 verba
525 2664 657 2730 utiliter
673 2663 848 2746 adposuit,
865 2668 874 2696 ⁴
888 2662 1041 2746 Diesque
1056 2683 1137 2727 nos·

95 2832 99 2839 ,
188 2773 260 2830 tros
274 2766 311 2831 in
328 2773 390 2832 tua
412 2785 498 2850 pace
519 2765 695 2848 disponas,
710 2771 816 2847 atquc
830 2764 875 2827 ab
890 2771 1021 2828 aeterna
1041 2765 1138 2828 dam·

189 2867 328 2932 natione
350 2886 414 2932 nos
432 2866 518 2950 cripi
543 2873 578 2931 ct
591 2867 627 2931 in
642 2865 830 2930 electorum
852 2871 989 2928 tuorum
1009 2865 1137 2948 jubeas

189 2987 293 3050 grego
309 2967 505 3032 numerari!

241 3139 407 3219 cameos,
423 3161 477 3204 rcc
491 3139 526 3205 io
541 3161 666 3226 roccum
680 3138 914 3206 occidmtolium
929 3139 1096 3202 Socooom.

239 3268 346 3333 Anno
367 3268 492 3350 gratiae
518 3283 649 3332 nxcrrr.
671 3266 858 3332 Ccaulinus
878 3273 913 3330 et
936 3265 1043 3329 frater
1064 3265 1140 3349 ejus
1153 3293 1262 3334 roos.

192 3367 418 3433 Guichclinus
442 3368 672 3444 decesserunt,
697 3377 733 3432 ct
754 3361 950 3432 ³Ccolricus
974 3365 1295 3441 Ceaulinocomenn,

193 3469 228 3533 in
250 3489 357 3552 regno
372 3469 637 3534 occidentalium
655 3468 833 3532 Saxonum
861 3467 1027 3530 successit
1041 3465 1139 3548 quin·
1152 3444 1248 3536 ἒῖξῖἱὶῗ

191 3589 257 3654 quc
289 3570 401 3635 annis.
468 3568 598 3633 Eodem
629 3576 796 3651 tempore,
829 3586 922 3650 papa
950 3564 1142 3648 Gregorius

193 3671 382 3735 orationem
397 3670 615 3735 Dominicam
626 3688 732 3753 sopor
747 3668 895 3732 hostiam
911 3667 1045 3730 censuit
1056 3666 1143 3731 reci·

220 3902 386 3966 ¹latoidum]
396 3901 450 3951 Tht
457 3902 550 3964 speech
559 3902 588 3953 ot
591 3902 657 3953 Gre-
716 3899 727 3929 ⁸
740 3895 888 3969 Ceutricur]
905 3901 959 3949 'Ihe
970 3900 1054 3949 Saxon
1066 3900 1145 3949 Chro-

193 3988 255 4036 gory
266 3977 291 4023 to
304 3973 346 4022 tho
364 3972 454 4034 pooplc
467 3988 534 4035 upon
548 3973 597 4021 this
614 3988 656 4022 oc-
683 3972 748 4022 niele
758 3973 846 4035 places
856 3972 899 4021 the
907 3969 1000 4020 dnteoi
1009 3972 1049 4019 his
1060 3983 1145 4019 accos·

192 4045 277 4093 corion
288 4046 312 4093 is
322 4048 349 4092 to
360 4044 391 4092 be
407 4042 486 4092 found
504 4045 530 4091 in
541 4043 657 4105 Gregory
683 4043 738 4092 sion
756 4045 782 4092 in
801 4046 858 4105 ⁵91,
877 4042 942 4092 aiter
960 4041 1002 4089 the
1025 4041 1102 4089 battle
1118 4039 1148 4087 oi

193 4113 221 4164 ot
228 4114 319 4175 Tourr,
331 4113 402 4163 Hist.
412 4114 457 4164 lib.
469 4128 495 4164 x.
508 4128 566 4175 cap.
579 4116 602 4163 i.
683 4113 895 4177 wodnesbeorge,
927 4111 1001 4161 when
1031 4109 1145 4159 Ceawiin

227 4182 239 4215 ¹
251 4183 411 4248 angaria]
424 4183 532 4234 Hodied
544 4183 586 4233 the
599 4183 656 4233 rath
683 4199 738 4233 was
748 4183 836 4234 driven
847 4184 909 4234 from
920 4183 960 4232 his
972 4181 1102 4244 kingdom.

194 4255 222 4305 of
231 4255 320 4305 March
332 4258 390 4304 6⁰⁴.
