2888 4852
398 425 536 473 uuonns
561 426 829 475 ursuoarnsuu.
1022 413 1087 476 417

134 581 337 660 valuissent,
355 604 433 666 quae
458 586 625 667 usquein
650 593 806 669 tempora
823 587 915 668 regis
941 585 1086 652 Henrici

133 682 274 745 secundi
292 683 326 745 in
344 690 517 764 potestate
534 705 654 766 regum
672 684 799 749 Scotiae
816 698 1070 752 remanserunt.

227 857 276 920 Do
291 867 384 921 morto
397 858 555 944 Eadpari,
570 868 599 922 et
612 859 792 923 successione
806 859 996 923 Eodroordi.

185 980 316 1045 Eodem
344 1003 435 1047 anno
461 984 524 1048 ilos
555 992 590 1047 et
615 983 721 1047 decus
754 1003 885 1065 regum,
913 984 1027 1064 gloria
1049 994 1084 1050 et
1097 1008 1164 1047 natu
1175 1009 1199 1047 or

135 1078 245 1144 honor
259 1081 465 1163 Anglorum,
488 1104 551 1146 rex
569 1082 740 1147 Pacificus
768 1083 962 1164 Eadgarus,
984 1085 1083 1168 cujus
1097 1059 1185 1107 &⁶⁸⁸⁵

135 1178 281 1262 largitas
308 1190 344 1246 ct
375 1182 632 1263 magnificentia
664 1189 771 1245 totam
797 1183 873 1266 jam
906 1183 1084 1266 Europam

136 1279 340 1362 repleverat,
365 1301 455 1344 anno
481 1282 595 1344 aetatis
621 1301 693 1344 suae
719 1281 897 1362 trigesimo
920 1285 1082 1361 secundo,

135 1380 232 1460 regni
250 1399 332 1444 vero
352 1380 534 1457 sedecimo,
554 1375 613 1443 ¹ex
638 1380 701 1443 hac
719 1380 792 1444 vita
818 1383 989 1445 transiens
1018 1403 1081 1466 pro

135 1497 243 1559 regno
267 1487 404 1544 terreno
426 1480 652 1544 commutavit
670 1488 859 1559 aeternum3
883 1480 983 1563 cujus
1006 1501 1083 1546 cor·

135 1598 200 1659 pus
217 1576 411 1643 Giastoniae
433 1579 584 1643 delatum
609 1591 663 1642 est
679 1586 713 1642 et
727 1579 852 1642 ibidem
869 1599 963 1643 more
986 1582 1082 1662 regio

135 1679 355 1742 tumulatum.
408 1677 489 1757 Quo
517 1678 691 1754 defuncto,
726 1686 765 1742 ut
790 1678 922 1743 dictum
952 1686 1017 1757 est,
1039 1680 1082 1744 de

135 1796 217 1857 rege
243 1777 402 1859 eligendo
416 1772 562 1860 'magna
585 1778 791 1858 interregni
813 1779 985 1861 principes
1011 1779 1081 1843 dis-

135 1877 250 1941 sensio
267 1885 321 1941 est
335 1886 477 1956 exorta3
500 1877 639 1959 quidam
659 1877 750 1940 enim
766 1876 874 1940 filium
898 1879 989 1959 regis
1011 1881 1082 1961 pri·

134 1978 344 2057 mogenitum
358 1977 599 2054 Eadwardum,
612 1976 750 2059 quidam
762 1996 843 2040 vero
852 1977 994 2041 fratrem
1005 1978 1081 2061 ejus

135 2075 370 2153 Ethelredum,
393 2076 435 2140 de
460 2077 611 2141 secunda
630 2096 740 2140 uxore
759 2085 974 2159 generatum,
997 2098 1082 2142 una-

134 2175 273 2238 nimiter
296 2176 492 2259 elegerunt3
520 2196 624 2259 quam
648 2178 692 2241 ob
715 2196 855 2241 causam
877 2178 946 2242 duo
971 2177 1082 2242 archi-

133 2275 312 2356 praesules,
337 2277 541 2341 Dunstanus
557 2276 819 2341 cantuariensis
843 2284 879 2343 et
898 2277 1082 2342 Oswaldus

133 2375 456 2454 Eboracensis,cum
465 2377 691 2460 coepiscopis,
701 2377 884 2440 abbatibus
893 2377 1081 2442 etducibus

133 2475 169 2538 in
187 2497 291 2540 unum
308 2477 563 2553 convenientes
578 2476 821 2554 Eadwardum,
838 2484 878 2540 ut
893 2484 992 2559 pater
1005 2477 1081 2560 ejus
1095 2501 1217 2540 suae-ron

134 2576 282 2640 moriens
299 2577 504 2653 dictaverat,
526 2577 716 2657 elegerunt,
730 2576 877 2639 electum
900 2595 1082 2640 consecra·
1094 2551 1233 2608 ‘’M''“ff

133 2683 270 2752 verunt,
285 2684 321 2739 et
343 2677 379 2738 in
403 2695 530 2756 regem,
546 2674 752 2758 quibusdam
775 2676 1082 2753 murmurantibus,

132 2774 369 2853 inunxerunt3
392 2793 470 2836 nam
495 2793 645 2837 noverca
666 2773 740 2856 ejus
756 2766 952 2837 ³Alsdritha
973 2774 1081 2837 filium

135 2873 370 2950 Ethelredum,
397 2873 458 2935 vix
485 2880 687 2954 septennem
717 2873 911 2954 puerulum,
944 2893 1083 2955 promo-

134 2991 216 3035 vere
239 2973 440 3048 conabatur,
458 2979 497 3035 ut
522 2973 639 3053 potius
661 2973 726 3036 sub
747 2971 823 3055 ejus
846 2972 982 3036 nomine
1003 2992 1082 3055 reg·

134 3090 217 3135 nare
233 3071 418 3135 videretur.
443 3069 569 3153 Sicque
583 3071 850 3154 postdecessum
868 3072 960 3153 regis
978 3070 1081 3136 Paci-

135 3171 202 3247 fici,
226 3171 323 3253 regni
347 3177 459 3234 status
483 3171 704 3253 perturbatus
729 3177 794 3248 est,
808 3178 844 3234 et
861 3171 897 3234 in
922 3190 1083 3236 exsecra-

133 3271 260 3334 tionem
289 3277 540 3349 commutatus3
576 3289 656 3334 nam
684 3270 857 3352 principes
883 3271 1022 3352 plurimi
1047 3279 1082 3336 et

134 3371 318 3453 optimates
336 3370 479 3434 abbates
501 3389 579 3433 cum
602 3370 778 3434 monachis
794 3369 837 3433 de
851 3371 1081 3447 monasteriis,

132 3471 167 3532 in
182 3471 306 3553 quibus
319 3490 383 3534 rex
396 3469 576 3551 Eadgarus
588 3489 647 3533 eos
661 3470 849 3547 locaverat,
861 3468 1082 3554 expulerunt,

169 3660 231 3710 ¹Ex
244 3662 349 3712 tonia
367 3660 509 3725 transiess.]
527 3661 596 3711 Esd-
620 3660 649 3710 oi
674 3661 754 3711 Caino
780 3662 830 3711 and
851 3662 1011 3711 winchester
1039 3679 1083 3715 are

134 3748 179 3795 gar
201 3732 261 3780 died
282 3747 315 3781 on
336 3731 481 3794 ibursday,
502 3732 545 3781 eth
570 3731 599 3780 oi
621 3731 720 3792 printed
748 3733 780 3792 by
800 3733 927 3794 Spelrnan,
952 3748 997 3794 pp.
1025 3737 1083 3794 490,

133 3802 266 3862 Julyfflb.
621 3804 680 3850 494.
727 3801 802 3863 Upon
823 3800 865 3850 the
887 3802 947 3850 time
970 3802 998 3851 of
1017 3803 1084 3852 their

172 3869 284 3933 'Itiogm
303 3869 367 3917 inter
385 3870 457 3932 regni
473 3869 596 3934 principes
621 3871 728 3931 semion,
751 3884 793 3918 see
808 3869 942 3921 'Mulmab
969 3887 996 3932 p.
1024 3877 1083 3936 257,

133 3940 271 4002 dissertata]
289 3939 320 3986 lu
331 3938 373 3986 the
385 3945 505 3988 amounts
516 3937 545 3986 οἰ
553 3938 595 3987 tbe
621 3945 675 3988 note
686 3935 704 3988 ‘.

133 4011 276 4060 difficulties
302 4008 433 4056 adsudant
457 4023 526 4068 upon
553 4006 595 4055 the

132 4081 276 4130 succession
299 4076 328 4126 οἰ
347 4078 476 4126 Eadward
493 4076 535 4125 tha
557 4091 595 4125 se·
655 4074 826 4141 ’Atsdrititud
838 4092 866 4125 or
875 4077 990 4138 Elfrids3
1002 4092 1033 4126 on
1043 4078 1085 4128 the

133 4147 595 4210 condallthehistoriansnreagreed.
622 4148 719 4209 margin
742 4146 889 4210 ‘Altada'
910 4148 1036 4210 daughter
1059 4146 1088 4196 of

130 4221 184 4269 The
203 4217 368 4280 proccedings
385 4217 468 4266 ottho
484 4217 597 4267 sonneiis
623 4216 707 4267 Count
718 4216 810 4279 Orgar.

186 4311 262 4357 von.
283 4309 307 4355 ι.
866 4291 888 4354 2
913 4308 933 4352 u
