2888 4852
336 400 402 466 208
563 376 564 380 Ἰ
591 417 725 464 nouum
751 417 797 463 nu
821 416 1027 465 wuunovun

337 577 450 641 loma'ei
487 576 684 659 specialiter
716 578 929 658 protectione
967 575 1140 654 conlisus3
1179 576 1287 657 igitur

338 675 540 758 aliquandiu
565 677 613 739 ibi
635 684 860 740 conversatus
883 675 927 738 ad
951 675 1088 739 sodales
1106 675 1218 752 rediit,
1241 695 1285 738 ex

339 776 465 858 quibus
482 795 599 839 secum
616 775 751 839 duobus
768 776 884 857 pueris
901 777 1053 857 acceptis
1075 775 1119 838 ad
1136 775 1285 838 insulam

338 875 462 939 iterum
481 875 672 957 repedavit,
687 875 746 938 uhi
761 874 956 956 spiritualia
970 874 1175 938 fiducialiter
1190 893 1287 938 arma

339 974 520 1056 arripiens,
546 974 692 1037 viriliter
721 973 871 1037 Domino
892 973 1068 1039 militavit.
1114 973 1201 1037 Erat
1225 991 1286 1037 au·

339 1080 409 1137 tem
435 1074 471 1136 in
496 1073 560 1137 hac
589 1073 705 1136 insula
731 1073 888 1147 cumulus
922 1073 1052 1154 agresti
1077 1072 1180 1154 gleba
1204 1092 1286 1136 con-

339 1180 472 1254 gestus,
495 1173 531 1235 in
553 1173 652 1258 cujus
678 1172 786 1247 latere
811 1172 911 1254 quasi
935 1173 1086 1237 cisterna
1104 1172 1287 1236 videbatur

339 1271 464 1349 inesse,
477 1271 536 1334 uhi
552 1273 692 1354 tugurio
706 1271 772 1335 Dei
788 1291 909 1336 servus
923 1271 1114 1355 composito
1131 1271 1286 1336 habitare

339 1369 519 1453 incipiens,
543 1391 606 1434 nec
630 1371 720 1435 lineo
738 1390 800 1435 nec
821 1371 923 1435 laneo
940 1371 1081 1435 indutus
1098 1372 1284 1436 vestimen-

340 1477 389 1548 to,
411 1471 559 1552 pellibus
587 1470 825 1535 tantummodo
857 1471 1043 1551 utebatur;
1076 1471 1285 1535 abstinentia

339 1575 439 1633 tauta
453 1569 489 1633 in
506 1589 547 1634 eo
560 1569 638 1647 fuit,
659 1579 699 1633 ut
715 1577 794 1652 post
810 1569 893 1633 solis
909 1589 1070 1634 occasum
1093 1570 1168 1634 sola
1185 1570 1284 1653 panis

339 1668 521 1734 hordeacei
536 1668 708 1751 particula
724 1677 758 1733 et
774 1688 875 1751 aquae
891 1669 1016 1752 poculo
1030 1677 1198 1733 uteretur.

384 1767 546 1848 Quadam
561 1788 643 1833 vero
653 1768 708 1831 die
722 1788 798 1832 cnm
815 1768 931 1832 studio
946 1777 1122 1833 consuetae
1139 1769 1285 1834 medita-

339 1868 444 1933 tionis
457 1869 663 1947 int'enderet,
679 1867 747 1932 duo
761 1868 933 1932 daemones
950 1869 987 1931 in
1000 1868 1121 1932 habitu
1135 1867 1285 1934 humano

339 1968 454 2033 subito
481 1969 706 2042 adstiterunt,
719 1968 778 2050 qui
797 1986 875 2031 eum
900 1968 950 2031 sio
967 1967 1183 2032 familiariter
1198 1968 1285 2032 allo-

338 2076 505 2149 quuntur,
519 2072 529 2101 ⁴
544 2066 620 2131 Nos
638 2067 774 2149 experti
791 2085 911 2130 sumus
927 2066 1006 2130 fidei
1025 2075 1094 2130 tuae
1109 2067 1285 2131 fortitudi-

338 2184 417 2231 nem
445 2174 480 2230 et
506 2166 708 2248 patientiam
740 2165 984 2244 invincibilem,
1006 2175 1042 2231 et
1072 2166 1150 2230 ideo
1175 2175 1210 2230 te
1232 2169 1285 2230 in·

338 2265 494 2348 quietare
507 2284 695 2341 cessamus,
710 2262 853 2347 insuper
870 2266 975 2330 etiam
999 2266 1041 2329 de
1065 2268 1285 2348 antiquorum

339 2365 601 2442 conversatione
624 2364 864 2428 heremitarum
889 2373 924 2428 te
946 2364 1105 2428 volumus
1138 2365 1284 2431 erudire.

340 2462 459 2528 Moses
474 2472 510 2528 et
525 2463 662 2540 Helias,
679 2462 807 2546 aliique
825 2471 942 2547 patres
964 2464 1109 2547 antiqui,
1127 2464 1204 2528 Deo
1224 2485 1286 2548 per

339 2563 484 2629 multam
519 2564 764 2627 abstinentiam
790 2563 1028 2645 'placuerunt3
1063 2566 1285 2647 quamobrem

334 2662 508 2747 jejunium
535 2683 603 2726 non
625 2663 731 2727 biduo
753 2671 889 2727 tantum
917 2663 974 2726 vel
996 2663 1110 2727 triduo
1144 2683 1286 2728 servan-

338 2761 420 2826 dum
445 2769 510 2839 est,
533 2762 751 2844 redintegra
773 2763 889 2844 potius
915 2763 1120 2845 septimana,
1135 2771 1174 2827 ut
1197 2763 1287 2829 sicut

340 2861 438 2926 Deus
463 2881 527 2926 sex
554 2863 674 2926 diebus
705 2861 869 2924 mundum
895 2860 1057 2926 formavit
1078 2870 1114 2926 et
1138 2864 1286 2946 septimo

340 2962 522 3045 requievit,
546 2962 595 3025 sio
621 2961 722 3025 homo
748 2981 812 3024 sex
832 2961 952 3024 diebus
970 2957 1136 3045 jejunans
1163 2962 1287 3027 debeat

339 3062 499 3144 spiritum
521 3061 719 3137 reformare,
744 3060 891 3142 septimo
921 3060 1103 3124 comedens
1134 3062 1286 3143 requiem

339 3161 437 3224 carni
461 3160 565 3224 dare’
617 3160 697 3224 Hoc
714 3161 768 3223 vir
788 3159 856 3223 Dei
878 3160 997 3224 audito
1020 3159 1071 3223 sic
1098 3162 1287 3243 respondit,

340 3259 617 3324 ‘Convertantur
642 3268 853 3336 retrorsum,
867 3259 927 3341 qui
950 3268 1111 3341 quaerunt
1136 3261 1287 3324 animam

340 3379 451 3423 meam
477 3366 516 3423 ut
538 3359 697 3423 auferant
719 3378 796 3422 eam
809 3359 830 3437 ;’
862 3365 897 3421 et
924 3377 1019 3435 mox,
1050 3378 1145 3422 more
1173 3361 1287 3441 quoti·

340 3458 444 3523 diano
467 3458 672 3541 particulam
697 3458 875 3521 hordeacei
897 3458 998 3540 panis
1026 3458 1178 3540 accepit3
1213 3478 1287 3523 ma-

340 3557 426 3640 ligni
448 3565 564 3621 autem
588 3558 731 3639 spiritus
749 3557 959 3634 recedentes,
975 3556 1052 3621 loca
1072 3556 1134 3620 illa
1154 3559 1288 3623 moestis

340 3657 579 3739 questionibus
596 3657 838 3739 impleverunt.
879 3655 967 3720 Post
981 3655 1068 3732 haec,
1085 3658 1183 3720 brevi
1201 3665 1288 3721 tem·

339 3776 423 3838 pore
439 3757 631 3840 interjecto,
655 3757 734 3820 dum
749 3758 804 3820 vir
825 3757 960 3834 heatus,
984 3763 1025 3821 ut
1044 3756 1190 3835 solebat,
1207 3776 1287 3822 ora·

339 3856 490 3920 tionibus
515 3857 722 3939 intempesta
748 3863 849 3919 nocte
877 3855 961 3938 vigil
984 3856 1210 3934 incumberet,
1236 3865 1288 3921 te·

340 3957 470 4019 terrimi
487 3957 629 4038 spiritus
647 3963 757 4020 totam
772 3955 931 4018 cellulam
946 3955 1198 4037 impleverunt3
1224 3976 1288 4022 uec

308 4136 312 4142 ²
339 4074 448 4131 mora,
472 4056 585 4119 virum
611 4054 679 4119 Dei
709 4053 852 4139 ejiciunt
883 4054 1030 4136 ligatum
1053 4054 1096 4118 de
1125 4055 1226 4133 cella,
1252 4065 1294 4121 et

338 4156 487 4220 coenosis
509 4155 671 4219 laticibus
697 4162 783 4218 atrae
805 4154 943 4237 paludis
970 4155 1202 4238 immerguot3
1229 4157 1289 4220 de·.
