2888 4852
326 395 392 460 220
585 411 719 458 nocnm
745 410 792 457 nn
814 409 1022 458 wnunovnn

236 613 238 617 -
327 569 361 630 in
377 567 438 651 jus
461 587 561 630 suum
584 568 736 650 recepit3
765 568 824 649 qui
844 567 1017 648 deinceps,
1036 586 1140 649 super
1160 587 1279 630 omncs

326 668 522 748 provincias
537 666 675 748 Angliae
693 686 801 749 usque
819 667 861 729 ad
882 666 1008 729 flumen
1025 665 1186 743 Humbri,
1204 687 1277 730 om-

164 881 249 931 &lipsa
258 883 283 922 ol

120 979 123 984 Ι
163 932 200 972 the
209 943 258 972 suu.

165 1477 234 1518 naon
243 1479 267 1518 oi

167 1528 226 1568 Beda
233 1541 238 1576 ;

327 767 427 830 uibus
458 768 523 829 sibi
553 768 691 847 regibus
718 767 897 849 subjectis
923 766 1094 846 regnavit.
1147 766 1278 830 Eodem

327 884 420 929 anno
445 859 599 948 ¹eclipsis
625 866 708 929 solis
734 864 828 930 facta
853 874 907 928 est
933 865 1065 928 decimo
1090 884 1180 928 nono
1206 864 1277 928 kal.

328 964 550 1046 Septembris
564 965 656 1028 circa
673 965 792 1027 horam
808 964 875 1028 diei
891 965 1041 1039 tertiam,
1059 964 1109 1027 ita
1125 974 1278 1046 utpaene

328 1071 421 1128 totus
438 1065 531 1127 orbis
545 1063 629 1127 solis
644 1083 720 1128 esse
736 1072 919 1145 coopertus
931 1063 1032 1146 quasi
1048 1071 1146 1126 scuto
1163 1064 1277 1145 niger-

328 1164 414 1227 rimo
437 1163 622 1227 videretur.

401 1333 626 1399 Commendatio
642 1336 711 1398 oitae
726 1333 907 1399 venerabilis
920 1335 1012 1398 Beda
1020 1334 1202 1421 presbytori.

380 1456 510 1520 Eodem
536 1477 627 1522 anno
651 1452 779 1535 ²Beda,
801 1460 853 1522 vir
877 1460 1083 1523 venerabilis
1110 1468 1145 1524 et
1164 1469 1279 1525 mente

327 1574 464 1637 semper
479 1556 641 1633 caelestis,
657 1557 733 1620 coeli
755 1558 888 1639 palatia
904 1559 1125 1638 conscendit3
1149 1561 1208 1642 qui
1224 1561 1276 1623 di·

323 1655 410 1717 ·vina
424 1655 553 1718 virtute
576 1657 752 1737 praeditus,
770 1676 834 1719 sua
856 1665 892 1721 et
914 1656 1059 1720 aliorum
1075 1658 1160 1721 vitia
1185 1677 1278 1722 com-

328 1773 483 1836 pescens,
499 1754 624 1834 dignus
641 1763 694 1818 est
710 1763 750 1819 ut
766 1757 801 1819 in
819 1763 950 1819 aetema
964 1758 1130 1820 memoria
1150 1758 1276 1822 habea-

163 1882 316 1919 wmemoum
329 1860 396 1917 tur.
459 1854 544 1918 Erat
568 1864 684 1918 autem
712 1857 893 1938 presbyter
916 1855 1118 1919 venerabilis
1145 1858 1180 1919 in
1205 1878 1278 1921 mo-

162 1927 187 1965 οἰ
194 1926 227 1967 ὴΙι
235 1927 285 1975 lifes

328 1953 480 2017 nasterio
496 1954 659 2036 principis
677 1953 914 2035 apostolorum
930 1953 1039 2031 Petri,
1057 1955 1148 2036 quod
1171 1958 1277 2020 estin

323 2051 426 2116 ‚Wire
447 2052 597 2115 fluminis
623 2055 725 2129 ostio,
745 2053 891 2117 Garewe
918 2064 1129 2136 nuncupato,
1151 2055 1277 2119 educa·

327 2159 408 2230 tus3
442 2153 501 2214 ubi
516 2154 588 2220 ,sub
611 2152 894 2216 reverendissimo
923 2154 1048 2216 abbate
1076 2154 1276 2232 Benedioto,

327 2269 369 2314 ac
402 2251 524 2314 deinde
559 2251 745 2329 Ceollrido,
784 2272 884 2316 omne
920 2260 1055 2335 tempus
1083 2254 1165 2316 vitae
1203 2274 1276 2317 suae

325 2352 472 2431 peregit,
508 2369 549 2413 ac
583 2352 635 2413 vir
668 2351 733 2414 Dei
775 2362 828 2415 ter
859 2353 981 2415 beatus
1015 2371 1149 2415 omnem
1190 2353 1277 2416 dans

325 2451 464 2530 operam
499 2450 534 2511 in
566 2451 746 2531 scripturis
776 2452 905 2514 sanctis
925 2470 979 2513 ac
1015 2451 1276 2515 meditationum

325 2548 461 2623 studiis,
488 2569 622 2631 semper
651 2557 712 2613 aut
743 2549 873 2613 discere
904 2558 964 2613 aut
998 2551 1144 2613 scribere
1176 2550 1275 2615 dulce

326 2646 446 2711 habuit
464 2658 525 2711 aut
541 2648 674 2712 docere.
729 2648 832 2712 Nono
849 2649 981 2714 decimo
998 2669 1081 2724 vero
1099 2651 1181 2712 vitae
1202 2670 1275 2714 suae

325 2765 415 2810 anno
435 2748 652 2824 diaconatus
668 2749 839 2815 tricesimo
857 2768 994 2831 quoque
1010 2749 1154 2829 gradum
1179 2768 1274 2830 pres-

324 2847 504 2928 byteratus
535 2849 699 2928 suscepit,
732 2868 782 2910 es
808 2866 877 2929 quo
909 2856 1062 2929 tempore
1095 2867 1204 2929 usque
1231 2850 1275 2911 ad

325 2965 453 3009 annum
484 2947 598 3009 aetatis
630 2965 702 3008 suae
734 2948 988 3027 sexagesimum
1026 2967 1070 3009 ex
1100 2948 1274 3028 opusculis

324 3054 521 3111 sanctorum
537 3054 688 3127 patrum,
705 3045 749 3107 ad
772 3046 958 3109 utilitatem
975 3046 1142 3122 ecclesiae,
1158 3047 1194 3108 in
1213 3048 1274 3110 tri·

325 3145 423 3225 ginta
445 3166 508 3208 sex
531 3145 776 3220 voluminibuS,
803 3146 1029 3226 septuaginta
1054 3153 1134 3208 octo
1155 3145 1274 3223 libros,

324 3264 412 3325 quos
434 3246 509 3326 ipse
533 3245 569 3306 in
593 3244 738 3307 historia
753 3241 947 3324 Anglorum
967 3251 1156 3320 enumerat,
1180 3245 1273 3327 stylo

323 3343 365 3405 ad
393 3363 517 3424 purum
543 3350 691 3424 purgato
711 3362 932 3425 componens,
954 3343 1143 3425 promeruit
1168 3351 1207 3407 ut
1229 3345 1273 3406 ab

323 3441 512 3506 universali
533 3442 678 3504 ecclesia
693 3443 814 3505 doctor
829 3441 1024 3523 Anglorum
1046 3451 1081 3505 et
1099 3450 1198 3524 pater
1214 3464 1273 3507 ve·

323 3542 484 3604 nerabilis
506 3541 629 3603 merito
653 3548 688 3603 et
711 3543 846 3605 nomine
871 3550 1063 3606 censeatur.
1117 3541 1273 3624 Cumque

322 3640 501 3704 historiam
517 3659 637 3720 regum
654 3638 793 3721 Angliae
818 3649 853 3702 et
873 3642 1017 3703 aliarum
1038 3651 1138 3722 gesta
1160 3661 1272 3704 rerum

321 3741 421 3823 quasi
437 3741 527 3803 inter
541 3739 647 3802 libros
663 3759 757 3815 suos,
776 3760 903 3820 magno
928 3740 1042 3803 studio
1065 3740 1272 3818 elaboratos,

326 4008 329 4014 .
356 3964 784 4030 ¹Eeiipsis,]rceordedbytl1eSar.·
847 3963 961 4034 'Bedo.]
990 3969 1037 4017 See
1057 3970 1229 4020 Introduction
1248 3977 1274 4020 to

319 4037 422 4097 Chr-on,
433 4039 494 4086 Sim.
514 4037 642 4096 Dunelm„
657 4038 706 4085 eud
725 4038 785 4086 Fre·
812 4038 880 4086 Hist.
891 4039 961 4087 Eccl.
971 4038 1032 4086 edit.
1046 4039 1076 4088 E.
1090 4041 1125 4088 H.
1136 4041 1163 4089 S.
1175 4057 1200 4102 p.
1211 4043 1272 4101 vii.;

318 4122 402 4168 renos,
410 4108 466 4156 who
475 4108 561 4169 places
570 4107 590 4154 it
596 4121 628 4155 on
635 4106 676 4156 the
685 4107 780 4155 follow·
811 4107 930 4156 lllalmsb.
951 4123 976 4169 p.
997 4113 1037 4169 80,
1051 4124 1131 4172 scqq.;
1151 4112 1200 4159 and
1213 4113 1274 4160 Sim.

318 4178 361 4238 ing
372 4177 431 4238 day.
600 4235 603 4238 Α
811 4177 928 4226 llunelm.
940 4193 967 4238 p.
979 4181 1019 4226 91.
1072 4228 1074 4233 ,
1128 4224 1132 4229 .
