2888 4852
321 386 385 452 184
576 404 710 452 aornar
735 404 782 451 nn
806 403 1011 454 wnunovna

404 553 535 625 Culmen,
549 575 626 633 opes,
641 556 775 626 sobolem,
789 555 924 633 pollentia
937 574 1034 633 regna,
1047 552 1216 632 triumphos,

444 650 572 708 Eximios
585 672 725 731 proceres,
738 653 852 722 moenia,
866 660 967 722 cestre,
982 652 1065 721 lares,

409 749 536 824 Quaeque
550 757 662 826 patrum
675 750 765 806 virtus
778 757 808 806 et
821 768 886 826 quae
900 756 1080 824 congesserat
1093 748 1163 825 ipse,

444 844 587 904 Cedwalla
600 845 772 923 armipotens
785 846 868 923 liquit
881 864 977 903 amore
990 845 1056 903 Dei.

161 991 251 1033 rur-ua
323 974 499 1039 Successit
524 981 641 1037 autem
667 973 852 1039 Cedwallae
877 973 914 1037 in
940 992 1084 1055 regnum
1113 969 1273 1036 occiden-

161 1043 230 1084 Μ’
323 1074 444 1138 talium
469 1073 649 1137 Saxonum
673 1067 766 1151 ¹Ine,
793 1073 836 1137 de
863 1074 971 1156 stirpe
998 1072 1105 1155 regia,
1127 1071 1274 1153 triginta

323 1181 457 1256 septem
485 1173 597 1250 annis,
628 1174 689 1256 qui
712 1171 779 1236 fuit
807 1173 899 1238 filius
932 1171 1099 1250 Kenredi,
1124 1171 1185 1253 qui
1206 1169 1274 1234 fuit

325 1272 525 1350 Ceolwaldi‚
555 1272 614 1354 qui
644 1273 710 1337 fuit
736 1272 844 1338 frater
876 1271 1086 1348 Kinewaldi,
1116 1268 1175 1352 qui
1205 1267 1273 1333 suit

325 1372 515 1449 Cuthwini,
537 1372 597 1454 qui
619 1372 686 1437 fuit
708 1371 878 1451 ceaulini,
903 1379 938 1436 et
960 1372 1009 1435 sic
1033 1367 1274 1436 adscendendo

323 1491 433 1554 usque
456 1472 499 1535 ad
516 1471 663 1537 Woden.
716 1471 846 1536 Eodem
869 1491 960 1536 anno
978 1469 1169 1535 Gaufridus
1193 1467 1274 1532 Mo·

324 1570 546 1648 nemutensis,
568 1579 691 1653 postea
713 1573 897 1654 episcopus
918 1572 1031 1636 sancti
1047 1568 1182 1652 Amph,
1204 1567 1275 1631 his-

324 1672 449 1735 toriam
482 1671 677 1750 Britonum,
706 1691 811 1754 quam
838 1673 882 1736 ab
910 1671 1045 1736 excidio
1072 1669 1189 1752 Trojoe
1220 1668 1274 1731 in-

324 1770 476 1848 choavit,
503 1773 701 1836 terminavit
717 1770 782 1836 hoc
802 1771 924 1850 modo;
953 1769 1141 1853 ‘Expulsis
1158 1768 1202 1832 ab
1220 1769 1274 1832 in-

324 1871 402 1933 sula
424 1890 446 1933 a
469 1870 666 1935 Saxonibus
692 1871 883 1948 Britannis,
899 1871 1065 1937 Walliam
1087 1870 1274 1952 petierunt,

325 1971 384 2032 ubi
401 1989 423 2032 a
440 1970 643 2033 Britannica
665 1971 847 2063 nobilitate
868 1970 1079 2053 degenerati,
1101 1988 1171 2031 non
1194 1968 1273 2032 Bri·

326 2076 424 2132 toncs
454 2070 514 2132 sed
537 2069 733 2134 Wallenses
763 2071 929 2154 appellati
960 2077 1063 2152 sunt3
1092 2087 1217 2133 nomen
1253 2086 1276 2131 a

325 2168 488 2233 Wallone
504 2168 590 2233 duce
613 2190 744 2248 eorum,
760 2172 834 2234 sive
854 2190 875 2233 a
892 2169 1022 2234 Galaes
1044 2169 1178 2250 regina,
1199 2168 1274 2232 sive

326 2269 525 2331 abarberie
548 2275 740 2334 traxerunt.
793 2269 910 2352 Reges
932 2278 1048 2334 autem
1068 2288 1198 2344 eorum,
1215 2268 1275 2349 qui

326 2367 370 2430 ab
386 2367 447 2430 illo
463 2375 615 2449 tempore
631 2370 667 2432 in
682 2369 1082 2446 Walliasuccesserunt,
1097 2367 1276 2432 Caradooo

251 2470 252 2474 ’
326 2465 605 2531 Lancarbanensi
631 2476 920 2551 contemporaneo
943 2490 1019 2533 meo
1049 2469 1093 2531 ad
1122 2468 1275 2531 scriben-

325 2566 408 2628 dum
431 2568 619 2631 committo.
672 2568 789 2650 Reges
810 2589 893 2633 vero
913 2569 1091 2633 Saxonum
1110 2566 1274 2632 Wilelmo

327 2664 635 2744 Malmesberiensi,
653 2675 689 2731 et
707 2669 861 2733 Henrico
880 2668 1185 2744 Huntendunensi,
1196 2668 1274 2750 qui·

325 2765 390 2828 bus
411 2765 453 2828 de
472 2767 611 2847 regibus
632 2768 813 2831 Britonum
834 2777 948 2833 tacere
964 2769 1085 2852 jubeo,
1106 2787 1185 2830 oum
1203 2785 1274 2830 non

325 2863 476 2928 habeant
491 2865 616 2929 librum
631 2866 825 2931 Britannici
841 2869 1020 2944 sermoniS,
1038 2887 1139 2951 quem
1155 2861 1274 2932 ²Wa1-

325 2971 432 3040 tetus,
448 2964 739 3030 Oxenefordensis
755 2968 1028 3044 archidiaconus,
1039 2968 1081 3030 de
1091 2967 1275 3031 Britannia

325 3064 449 3127 minori
464 3063 618 3142 advexit,
635 3085 736 3147 quem
753 3067 796 3130 de
814 3069 958 3131 historia
970 3087 1089 3131 eorum
1107 3068 1275 3130 veraciter

326 3162 455 3226 editum
475 3164 512 3227 in
532 3163 696 3228 honorem
718 3167 910 3249 principum
933 3168 1188 3249 praedictorum,
1210 3165 1275 3230 hoc

325 3263 427 3326 modo
443 3264 478 3325 in
497 3262 660 3327 Latinum
677 3285 867 3335 sermonem
885 3267 1071 3331 transferre
1088 3265 1233 3331 curavi!

337 3432 519 3515 Theodorus,
537 3438 769 3505 Cantaurioosis
783 3440 1038 3530 archiepiscopos,
1053 3445 1133 3508 diem
1148 3444 1261 3512 clausit

712 3550 886 3605 extromum.

375 3654 479 3720 Anno
497 3660 620 3738 gratiae
644 3680 753 3727 nexo.
770 3657 1002 3744 ³Theodorus,
1018 3669 1129 3733 beatae
1146 3690 1276 3737 memo·

325 3755 398 3852 riae,
416 3755 677 3823 Cantuariensis
693 3763 984 3847 archiepiscopus,
1002 3768 1124 3850 plenus
1141 3769 1275 3835 dierum

327 3875 1274 3900 Ἢ

355 3930 363 3962 ¹
381 3932 446 3995 [πα]
468 3934 587 3985 Florence
604 3938 654 3986 and
672 3939 714 3988 the
725 3941 786 3991 Sex.
797 3941 800 3967 ¹
811 3943 880 3992 often
890 3944 954 3993 been
965 3947 1123 3998 confounded
1134 3950 1198 3999 with
1205 3949 1276 4000 wu-

324 4000 543 4064 caroaplacehis
552 4009 681 4057 accession
689 4011 714 4058 in
723 4015 787 4072 6883
811 4016 849 4061 ter
861 4013 961 4075 Mapes.
998 4017 1064 4079 Pits,
1075 4034 1101 4080 p.
1112 4024 1167 4072 198.

324 4072 469 4132 seebelow‚
482 4074 515 4122 ad
527 4089 568 4124 an.
581 4080 638 4126 727.
847 4081 1048 4137 woradum...
1059 4090 1144 4150 plenus
1154 4095 1273 4166 dierum]

346 4138 485 4192 'Wolterus
493 4144 785 4216 Oxenosorrientis.]'1'his
811 4152 1274 4234 Hewaseightycightyeursosgge,

324 4224 379 4259 was
398 4211 495 4262 Walter
512 4214 642 4279 Calenius,
658 4217 716 4266 who
738 4220 785 4268 has
811 4221 891 4284 Beda,
901 4221 914 4288 ξ
926 4226 982 4274 874.
