2888 4852
419 432 558 480 rnonns
583 432 855 482 nrsrournuuu.
1043 415 1110 480 373

158 606 219 668 per
239 586 416 650 dimidium
441 589 523 652 anni
546 589 724 667 circulum,
741 590 941 671 significans
960 589 1108 654 sortasse
1120 607 1201 648 como.

158 687 298 750 nimiam
321 688 500 768 sauguinis
518 689 717 753 effusionem
738 697 773 753 et
795 690 1014 768 occisionem,
1029 709 1107 772 quae

157 787 262 868 poulo
280 796 359 869 post
373 789 410 850 in
425 788 544 869 proelio
560 790 650 853 inter
666 789 787 853 Danos
808 797 843 854 et
859 788 995 872 Anglos
1011 792 1108 854 dam·

158 906 239 951 noso
265 887 447 950 commissa
472 896 537 964 est,
560 890 596 952 in
619 910 688 972 quo
709 890 889 973 utriusque
916 891 1030 973 gentis
1055 897 1109 955 tot

158 988 290 1050 nobiles
306 995 521 1051 corruerunt.

185 1160 227 1223 Ur
244 1182 297 1225 ree
310 1162 513 1227 Eodwordus
520 1163 631 1248 plures
645 1164 778 1251 reoloneo
791 1162 852 1229 sibi
865 1161 1085 1250 subjupooerii.

209 1284 312 1350 Anno
338 1287 479 1350 Domini
502 1302 678 1352 ocoocvu.
699 1306 761 1349 rex
786 1286 991 1367 magnificus
1017 1285 1231 1349 Eud-unco.

158 1385 307 1462 warduS,
326 1396 538 1468 congregato
552 1387 707 1450 exercitu
721 1387 873 1468 copioso,
890 1379 1109 1468 ¹subjugavit
1119 1358 1238 1447 ffl‘ffii
1250 1357 1274 1398 ⁰¹

155 1486 220 1548 sibi
245 1485 494 1562 Eam-sexium,
514 1486 785 1567 Eam-angliam,
806 1486 986 1562 Murciam,
1010 1485 1106 1549 Nor·

158 1585 434 1648 thanhumbriam
454 1605 532 1648 cum
552 1585 669 1648 multis
694 1586 771 1648 aliis
796 1585 996 1668 provinciis,
1018 1603 1107 1667 quas

159 1683 252 1747 Doni
275 1685 385 1748 multo
413 1692 565 1767 tompore
593 1683 830 1766 possederant,
858 1692 893 1749 et
919 1703 1037 1749 omnes
1062 1704 1107 1747 ex

159 1803 278 1846 corum
318 1784 469 1848 dominio
505 1791 664 1866 potenter
700 1785 874 1863 extorsit3
926 1783 1108 1848 Scotorum

159 1884 275 1960 ctiam,
302 1883 529 1947 Cumbrorum
558 1892 594 1946 et
623 1882 907 1960 Galwalensium,
938 1884 1107 1946 omnium-

159 2003 225 2064 que
247 1983 512 2047 occidentalium
534 1983 717 2046 Britonum
746 1982 831 2045 fines
856 1991 891 2048 et
917 2003 1033 2046 eorum
1056 2002 1109 2046 re-

158 2103 220 2163 ges
242 2084 277 2146 in
299 2082 507 2146 deditionem
532 2084 678 2165 accepit,
701 2090 737 2146 ct
762 2083 812 2145 sic
836 2101 915 2145 cum
938 2082 1049 2163 gloria
1073 2089 1108 2146 et

161 2181 290 2247 honore
308 2183 352 2246 ud
368 2182 510 2265 propria
524 2182 701 2247 remcavit.

337 2355 457 2420 Ciuitas
473 2350 708 2443 Leyecestreosic
724 2366 929 2423 restauratur.

208 2476 313 2543 Anno
334 2480 475 2546 Domini
499 2499 690 2547 ncoccvru.
717 2484 840 2547 civitas
865 2483 1231 2593 Legccestren·fflm.

158 2578 219 2655 sis,
245 2600 324 2662 quae
352 2581 532 2646 Dunorum
561 2583 757 2647 incursione
783 2584 959 2647 destructa
986 2582 1208 2658 lucrantem.

159 2680 378 2745 solicitudine
403 2682 592 2758 Ethelredi,
615 2681 711 2748 ducis
734 2681 965 2758 Merciorum,
990 2689 1024 2745 et
1049 2681 1110 2744 El·

159 2778 258 2842 flcdae
277 2781 396 2845 uxoris
415 2781 502 2864 eJuS,
518 2788 714 2846 restaurata
730 2789 795 2846 est.

302 2950 344 3017 Ut
359 2973 412 3016 reo
427 2952 630 3017 liudwardus
645 2953 798 3016 Norenses
812 2951 973 3016 domuerit.

210 3074 315 3140 Anno
339 3076 480 3140 Domini
505 3093 675 3143 nccccrx.
696 3096 759 3140 rex
783 3077 996 3141 Eadwardns
1018 3074 1112 3140 misit
1123 3096 1233 3186 mog.

159 3170 432 3258 expeditionem²
464 3177 646 3240 militarem
685 3178 722 3240 in
755 3176 1110 3240 Northanhumbriam
1123 3197 1241 3285 m,

158 3285 281 3340 contra
303 3275 424 3340 Dauos
449 3276 575 3340 ibidem
600 3275 819 3353 rebellantes,
842 3295 929 3359 quos
953 3296 1015 3359 per
1037 3276 1110 3340 dies
1122 3295 1216 3336 urrann.

157 3375 228 3439 fere
263 3376 495 3457 quadraginta
523 3375 708 3440 crudeliter
744 3383 989 3459 persequentes
1022 3375 1111 3457 regii

160 3475 298 3552 milites,
316 3475 443 3539 multos
464 3495 509 3538 ex
532 3476 582 3545 cis
604 3475 852 3539 interemerunt
872 3483 908 3539 et
926 3475 1112 3540 nonnullos

158 3582 280 3657 captos
299 3575 445 3656 turpiter
462 3574 694 3639 abduxerunt.

195 3842 203 3874 ¹
215 3843 364 3906 Sudjugocit
374 3843 422 3892 eibi
431 3833 620 3908 Erret-sexium]
645 3840 711 3890 niele
723 3840 774 3889 and
783 3839 903 3888 l'lorenoe
915 3838 1002 3888 in'thie
1013 3852 1084 3899 your.

158 3916 201 3965 No
221 3917 303 3963 notice
325 3913 354 3962 ol
371 3913 443 3961 these
461 3912 621 3973 expeditione
684 3907 695 3937 ¹
713 3909 901 3973 Expeditionem
929 3908 1060 3957 militarem
1083 3907 1111 3955 in

158 4000 248 4035 occurs
271 3986 297 4032 in
319 3983 361 4031 the
379 3983 450 4031 other
468 3981 622 4041 historicon
649 3971 928 4045 Nortlontmnlriom]
941 3977 1111 4037 accordingto

102 4046 104 4050 ⁵
159 4072 191 4104 on
202 4056 244 4104 the
256 4050 623 4113 contrary,thepeoceof1ck-
647 4049 691 4098 the
714 4047 896 4098 abore-named
908 4046 1068 4108 authorities,
1083 4046 1111 4094 in

158 4126 214 4176 ford
225 4126 248 4173 is
259 4123 349 4187 placed
360 4123 394 4184 by
402 4122 445 4170 the
453 4121 537 4171 Saron
545 4120 623 4169 chro-
648 4119 690 4169 the
702 4119 832 4181 following
843 4131 913 4179 year.
