2888 4852
461 445 600 493 unoaus
623 446 890 496 ursroamuuu.
1083 435 1150 498 455

196 605 205 632 ⁴
221 599 293 663 Vos
308 600 427 684 Angli,
442 604 569 666 amisso
586 605 712 686 capite,
724 604 853 668 frustra
868 607 1046 687 pugnatis,
1058 627 1146 689 prae·

196 699 318 781 cipites
332 701 455 782 sugite,
466 703 519 766 En
534 704 626 784 regis
637 703 831 768 Eadmuudi
848 713 955 787 caput
970 706 1026 770 hic
1044 715 1145 772 teneo

194 799 230 860 in
253 803 424 880 manibus,
449 803 571 884 sugite,
594 803 705 885 sugite
733 806 962 886 quantocius,’
987 807 1078 888 quod
1105 815 1145 871 ut

194 896 302 983 Angli
320 902 505 966 audierunt
519 904 808 968 inconstantiores
825 906 1058 986 exstiterunt3
1082 907 1143 970 sed

192 998 285 1064 illico
302 1001 393 1083 quod
415 1023 477 1066 rex
495 1003 628 1066 viveret
648 1012 837 1086 comperto,
854 1005 987 1067 animos
1004 1007 1140 1070 extule-

193 1108 273 1164 runt
291 1098 398 1183 Angli
416 1103 501 1165 etin
520 1103 641 1167 Dauos
661 1104 774 1167 acrius
798 1105 1038 1185 insurgebant,
1053 1107 1141 1169 mul-

192 1206 315 1282 tosque
342 1221 385 1264 ex
412 1203 463 1266 eis
492 1211 749 1286 prosternentes
777 1211 812 1267 et
839 1205 982 1268 summis
1010 1206 1141 1270 viribus

190 1299 418 1378 decertantes,
443 1302 488 1365 ad
511 1304 751 1384 crepusculum
783 1323 893 1386 usque
919 1306 1030 1369 noctis
1059 1307 1140 1369 viri·

188 1399 268 1462 liter
310 1403 545 1482 perstiterunt,
584 1422 653 1484 quo
691 1404 955 1485 superveniente
993 1406 1139 1487 digressi

189 1507 271 1562 sunt
292 1502 404 1578 cunei,
422 1510 462 1566 ut
485 1503 607 1585 pridie,
625 1510 817 1584 spontanea
833 1503 1025 1568 voluntate.
1077 1504 1140 1584 At,

189 1599 248 1661 ubi
284 1600 467 1682 plurimum
500 1603 612 1668 noctis
645 1603 883 1685 processisset,
910 1602 1025 1668 Cnuto
1057 1624 1139 1668 suos

188 1700 252 1762 sub
270 1700 408 1764 silentio
428 1703 523 1766 abire
539 1702 674 1765 deloco
691 1703 890 1766 certaminis
906 1705 1085 1786 praecepit,
1102 1712 1138 1769 et

187 1819 306 1863 versus
333 1801 532 1865 Londonias
564 1803 631 1866 iter
657 1803 827 1885 arripiens
859 1804 979 1867 urbem
1008 1805 1136 1869 iterum

186 1901 332 1966 obsedit.

360 2051 410 2113 De
423 2059 533 2134 quarto
543 2050 656 2134 prelio
671 2049 857 2115 Ecdmaadi
871 2051 961 2135 reyes.

237 2166 358 2236 Mane¹
376 2182 492 2237 autem
510 2174 616 2249 facto,
637 2194 715 2237 cum
738 2194 801 2238 rex
818 2172 1044 2238 Eadmundus
1064 2174 1136 2238 Da-
1145 2189 1226 2280 {pupi

184 2293 248 2336 nos
283 2275 449 2355 comperit
475 2274 651 2355 aufugisse
677 2275 713 2337 in
736 2272 1050 2351 west-saxoniam,
1081 2293 1135 2338 re·
1212 2266 1218 2279 '

186 2374 332 2437 vertitur
358 2374 524 2457 majorem
550 2375 739 2438 exercitum
770 2374 1002 2452 collecturus3
1033 2373 1133 2457 cujus

182 2475 423 2538 strenuitatem
449 2475 588 2557 iniquus
612 2475 685 2538 dux
711 2474 880 2538 Eadricus
906 2474 1132 2556 comperiens,

183 2575 277 2638 venit
301 2575 346 2637 ad
371 2593 448 2637 eum
465 2572 702 2639 fraudulenter
717 2583 758 2638 ut
773 2574 870 2638 illurn
888 2573 1060 2656 proderet,
1079 2575 1131 2637 in-

179 2676 310 2737 stinctu
331 2672 513 2751 Cnutonis,
538 2681 586 2750 et,
608 2694 694 2756 pace
714 2676 806 2738 inter
828 2693 887 2737 eos
913 2672 1129 2751 confirmata,

181 2775 254 2855 regi
277 2773 477 2837 fidelitatem
501 2773 671 2856 promisit.
723 2773 851 2855 Itaque
875 2792 938 2836 rex
954 2771 1130 2835 Eadmun·

180 2873 258 2948 dns,
276 2874 351 2937 vice
366 2881 493 2956 quarta
507 2873 663 2936 exercitu
680 2880 904 2954 congregato,
925 2872 1019 2936 cives
1038 2871 1130 2936 Lon-

179 2973 362 3036 donienses
382 2974 541 3038 obsessos
559 2972 732 3050 liberavit,
748 2973 868 3036 Dauos
891 2972 935 3035 ad
952 2989 1058 3036 naves
1076 2972 1130 3035 fu·

179 3074 289 3153 gavit,
305 3080 410 3156 atque
425 3073 510 3154 ipsis
526 3072 639 3137 denuo
659 3073 807 3137 reversis
822 3071 914 3154 apud
933 3071 1128 3149 Breinford,

178 3173 303 3254 quinto
323 3173 412 3250 loco,
434 3173 581 3236 cumeis
606 3172 764 3254 praelium
789 3170 981 3251 commisit3
1003 3171 1128 3252 quibus

177 3282 338 3357 potenter
365 3273 407 3336 de
436 3292 558 3354 campo
587 3272 729 3354 sugatis,
754 3272 936 3336 victoriam
963 3273 1000 3335 in
1026 3271 1129 3335 hasta

177 3375 242 3437 sibi
260 3382 295 3438 et
311 3373 428 3456 gladio
445 3372 672 3454 comparavit,
689 3391 730 3436 ac
746 3372 908 3437 festivum
924 3371 1006 3434 belli
1023 3370 1128 3435 decus

177 3475 326 3539 obtinuit
357 3482 393 3538 et
421 3472 643 3554 triumphum.
696 3471 811 3536 Cnuto
837 3491 920 3536 vero
948 3470 993 3534 ad
1020 3488 1280 3535 navesrunnan.

176 3575 312 3655 fugiens
335 3574 459 3637 iterum
477 3571 638 3636 Cantiam
656 3574 874 3654 praedaturus
900 3569 1022 3646 exivit,
1045 3590 1128 3634 con-

177 3682 232 3738 tra
264 3694 366 3756 quem
405 3693 468 3736 rex
501 3672 727 3736 Eadmundus
771 3672 962 3736 exercitum
996 3671 1126 3735 ducens

172 3775 280 3857 juxta
298 3772 451 3837 Ottcsort
480 3792 558 3836 cum
591 3772 749 3836 hostibus
772 3771 978 3849 dimicavit3
1012 3778 1050 3834 at
1073 3769 1126 3834 illi

175 3872 340 3955 impeturn
365 3873 441 3956 ejus
467 3892 536 3935 non
561 3872 721 3949 fcrenteS,
751 3871 860 3953 terga
877 3869 1059 3947 dederunt,
1089 3876 1125 3933 et

173 3972 209 4036 in
227 3973 385 4055 Sepeiam
403 3972 551 4035 insulam
568 3972 686 4053 fugam
703 3972 869 4034 fecerunt.

211 4177 301 4226 'illane
316 4168 498 4242 relevassem]
515 4173 635 4224 Thenete
661 4172 846 4236 medeupfrom
855 4172 976 4221 Florence
984 4170 1126 4221 aodllnnt-

174 4249 203 4300 ol
210 4249 252 4299 the
263 4247 405 4297 remainder
414 4245 444 4295 of
456 4245 499 4294 tbe
515 4258 577 4306 year
592 4259 635 4294 are
661 4243 764 4307 ingdon.
