2888 4852
367 405 433 469 474
616 421 750 468 nonum
779 421 826 467 nn
849 420 1057 471 wunnovnu

367 585 501 642 raretur
522 577 660 657 ibidem,
675 579 747 642 dux
764 597 913 660 namque
930 577 1211 642 Normannorum
1227 574 1327 640 Wil-

366 677 490 741 lelmus
507 678 540 741 ei
554 679 844 760 consanguineus,
856 677 967 741 adhuc
983 678 1048 741 sub
1062 674 1221 740 custodia
1236 693 1326 738 con·

347 778 523 854 stitutus,
539 777 686 843 ducatus
714 779 769 842 sni
792 777 936 842 liberam
959 796 1029 841 non
1055 776 1175 840 hahuit
1200 781 1326 857 potes·

367 884 490 941 tatem.

504 1050 554 1112 Dc
568 1057 662 1113 morte
675 1049 816 1134 Alsrcde',
823 1048 895 1132 filit
909 1049 990 1134 repis
1003 1047 1176 1113 Etlolrodi.

205 1193 328 1283 ssffli
418 1172 522 1237 Anno
561 1174 684 1254 gratiae
716 1188 883 1238 mxxxvn
914 1166 1106 1248 ¹Alfredns‚
1141 1170 1323 1235 Ethelredi

206 1293 344 1339 ranam
367 1272 458 1335 iilius
475 1273 737 1354 primogenitus,
760 1272 880 1336 audita
901 1280 1011 1336 morte
1028 1272 1212 1348 Cnutonis,
1237 1291 1320 1335 cum

204 1342 378 1403 ⁰¹⁶⁸²h‘¹¹⁰⁶'²
393 1373 539 1436 navibus
576 1373 830 1454 quinquaginta
863 1371 981 1435 electis
1010 1371 1175 1435 militibus
1205 1371 1323 1452 plenis

366 1471 402 1547 in
418 1470 582 1553 Angliam
598 1472 704 1549 vonit,
727 1479 777 1536 ut‘
789 1491 877 1548 eam,
900 1472 931 1534 si
951 1472 1140 1535 necessitas
1163 1478 1321 1552 cogeret,

367 1590 540 1635 armorum
581 1572 743 1653 praesidio
786 1570 983 1649 obtineret3
1015 1571 1075 1652 qui
1105 1588 1182 1633 cum
1221 1570 1320 1651 apud

367 1670 585 1734 Sandwicum
604 1671 839 1752 applicuisset,
849 1670 1099 1734 Doroberniam
1115 1687 1224 1751 usque
1239 1689 1324 1751 per-

367 1771 475 1834 venit.
538 1769 695 1852 Cumque
722 1789 836 1833 comes
860 1769 995 1833 Cantiae
1020 1769 1212 1834 Godwinus
1239 1768 1319 1851 ejus

367 1870 554 1933 adventum
579 1870 814 1952 comperisset,
844 1870 939 1933 venit
973 1870 1111 1934 obviam
1143 1869 1187 1945 ei,
1210 1876 1320 1951 atque

366 1969 464 2032 illum
487 1970 522 2031 in
540 1969 605 2033 fide
628 1988 693 2033 sua
714 1969 918 2052 suscipiens,
931 1968 955 2033 J
959 1969 1036 2032 udae
1061 1968 1248 2051 proditoris
1264 1969 1319 2030 vi-

367 2087 441 2131 cem
461 2069 591 2151 inipso
609 2088 650 2133 ac
672 2068 744 2132 suis
766 2070 1010 2133 commilitibus
1034 2069 1192 2151 sequenti
1214 2076 1319 2131 nocte

366 2169 572 2250 complevit3
598 2188 677 2232 narn
700 2177 780 2250 post
801 2169 1007 2250 datapacis
1030 2168 1150 2232 oscula
1174 2174 1209 2231 et
1234 2187 1320 2231 con·

368 2269 462 2332 vivia
485 2268 676 2344 laetissima,
693 2269 917 2350 intempestae.
931 2269 1043 2332 noctis
1065 2267 1215 2344 silentio,
1237 2287 1318 2330 cnm

367 2366 531 2431 Alfredus
553 2368 697 2451 ejusque
722 2368 859 2432 sodales
885 2369 1000 2450 sopori
1024 2368 1178 2431 membra
1200 2365 1317 2429 dedis-

367 2474 456 2543 sent,
473 2467 566 2547 capti
588 2475 670 2531 sunt
684 2487 803 2531 omnes
824 2468 972 2531 inermes
989 2467 1024 2529 in
1039 2465 1209 2529 cubilibus
1231 2467 1318 2542 suis,

368 2565 452 2628 nihil
473 2567 555 2629 mali
580 2568 810 2649 suspicantes,
826 2586 848 2630 a
867 2566 1087 2630 multitudine
1112 2566 1318 2629 irruentium

368 2673 592 2741 armatorum,
622 2673 728 2748 atque
752 2667 908 2729 manibus
933 2686 1051 2729 eorum
1077 2672 1156 2748 post
1180 2672 1317 2746 tergum

366 2764 497 2845 ligatis,
521 2765 690 2847 compulsi
716 2774 800 2828 sunt
827 2785 945 2829 omnes
972 2785 1033 2847 per
1057 2765 1210 2829 ordinem
1233 2783 1319 2827 con-

367 2864 490 2941 sidere,
516 2866 575 2927 nbi
602 2866 653 2928 ita
684 2864 845 2928 sedentes
871 2884 994 2928 novem
1017 2884 1153 2946 semper
1175 2863 1318 2945 decapi-

367 2965 433 3028 tati
447 2971 539 3039 sunt,
554 2971 589 3027 et
605 2963 757 3027 decimus
775 2964 819 3027 ad
836 2966 940 3029 breve
954 2971 1090 3047 tempus
1108 2965 1190 3026 vitae
1207 2983 1319 3027 reser-

367 3070 490 3142 vatus3
515 3063 588 3142 sed,
606 3070 646 3128 ut
660 3063 832 3129 Godwino
854 3064 1022 3146 proditori
1041 3064 1150 3128 visum
1168 3070 1221 3126 est
1236 3061 1318 3145 plus

367 3183 469 3245 qnam
488 3164 573 3229 utile
584 3165 630 3228 sit
646 3165 746 3229 vivos
759 3184 951 3246 superesse,
962 3163 1069 3247 jussit
1083 3165 1206 3227 iterum
1224 3162 1320 3225 deci-

367 3264 466 3340 mari,
483 3272 518 3328 et
543 3264 593 3328 sic
613 3264 812 3344 paucissimi
838 3264 1041 3345 superstites
1066 3270 1319 3327 remanserunt.

368 3364 479 3428 Facta
500 3383 638 3445 quoqne
654 3372 736 3427 sunt
751 3363 826 3428 haec
842 3364 933 3446 apud
957 3363 1169 3427 Guldeforde
1182 3363 1218 3425 in
1232 3361 1320 3426 villa

403 3569 555 3633 'Alsredua
584 3574 710 3623 Ethelredi
732 3574 827 3640 filius]
855 3576 880 3623 in
898 3576 937 3624 his
956 3576 1000 3625 lit'e
1018 3575 1047 3624 of
1061 3576 1173 3623 Willinm
1190 3575 1232 3623 the
1249 3576 1319 3625 Con·

365 3642 427 3690 This
446 3648 514 3702 story
531 3644 554 3690 is
573 3644 667 3693 related
688 3647 721 3704 by
733 3646 768 3693 all
785 3646 827 3694 the
854 3661 953 3706 queror,
965 3661 1024 3706 says
1035 3646 1090 3694 that
1100 3646 1159 3707 they
1171 3660 1242 3694 came
1257 3662 1320 3695 over

365 3712 499 3759 historiens
510 3712 572 3760 with
592 3728 660 3762 some
675 3717 827 3775 variations;
854 3716 915 3764 with
934 3716 1000 3777 forty
1011 3717 1092 3777 ships,
1102 3717 1157 3776 but,
1167 3715 1263 3777 finding
1274 3717 1319 3766 the

366 3781 485 3829 Florence
498 3796 557 3841 says
567 3782 622 3830 that
636 3784 695 3833 both
707 3785 748 3833 the
760 3799 828 3846 sons,
855 3786 961 3848 English
981 3792 1024 3834 not
1043 3786 1121 3847 ready
1140 3787 1233 3834 toriae
1253 3787 1319 3836 with

366 3849 472 3899 Aelired
478 3851 528 3899 and
538 3852 752 3914 Eadward,came
760 3871 828 3915 over,
854 3855 931 3915 them,
942 3856 1071 3905 Eadward
1082 3856 1200 3905 returned
1212 3861 1238 3904 to
1250 3856 1318 3905 Nor·

366 3920 412 3969 but
423 3920 477 3969 that
488 3921 529 3970 the
543 3923 617 3970 latter
627 3924 755 3972 remained
765 3925 827 3973 with
854 3925 956 3987 mandy,
972 3927 1023 3975 and
1044 3926 1149 3975 Aelired
1167 3931 1235 3973 went
1251 3927 1277 3974 in
1300 3943 1318 3976 a

366 3989 406 4039 his
421 3991 517 4040 mother
534 3998 561 4040 at
573 3993 744 4055 Winchester;
762 4010 828 4044 com·
853 3997 922 4056 large
940 3996 998 4056 ship
1016 4001 1042 4044 to
1054 3995 1180 4056 witsand,
1190 3993 1319 4061 (possibly

367 4075 427 4122 pare
437 4061 544 4124 Tyrrell,
557 4063 626 4112 Hist.
638 4065 655 4113 i.
667 4079 693 4125 p.
705 4068 746 4115 63.
855 4065 976 4126 Witland,
1011 4081 1039 4114 or
1067 4066 1118 4115 isle
1151 4065 1180 4114 oi
1207 4065 1320 4130 wighc)

855 4135 957 4184 whence
976 4135 1007 4183 he
1018 4151 1073 4186 was
1089 4134 1184 4186 invited
1199 4137 1233 4196 by
1244 4136 1319 4186 God-

402 4197 731 4272 ’Nncibucquinqnogiata.]
740 4205 827 4266 Wace,
853 4207 904 4254 win
916 4207 968 4254 into
982 4205 1058 4256 lient.
