2888 4852
349 398 418 484 360
607 415 742 462 nocam
767 416 814 463 nn
838 413 1046 464 wnrvoovnn

354 579 394 634 ut
413 570 617 652 praedictum
634 578 700 646 est,
718 570 928 646 resederant,
949 570 993 633 ad
1010 569 1221 633 Hasteinum
1243 588 1303 632 ve-

354 671 489 733 nientes
523 671 649 733 ibidem
674 689 838 752 magnum
864 668 1087 732 confecerunt
1110 669 1301 732 exercitum

354 769 572 834 bellatorum.
624 769 723 832 Tunc
756 769 819 845 illi,
849 788 936 850 quos
964 788 1027 831 rex
1054 766 1219 831 Alsredus
1256 767 1301 830 ad

355 868 434 931 ilios
460 869 732 950 expugnandum
758 867 948 944 dimiserat,
970 867 1103 950 junctis
1125 867 1190 931 sibi
1216 866 1301 930 civi-

355 967 420 1030 bus
439 967 751 1044 Londoniensibus,
767 967 912 1048 aliisque
928 967 1012 1030 viris
1034 966 1219 1043 bellicosis,
1240 967 1301 1046 qui

356 1085 401 1130 ex
423 1066 549 1130 finibus
565 1066 950 1130 Northanhumbrorum
967 1073 1003 1130 et
1016 1065 1302 1147 Euat-angiorum

356 1165 399 1228 ad
421 1166 622 1230 mandatum
640 1167 731 1247 regis
753 1166 977 1241 advenerant,
992 1165 1036 1228 ad
1052 1164 1302 1228 Beamfleotam

354 1264 527 1327 hostiliter
551 1265 767 1341 accedentes,
785 1264 994 1328 Hasteinum
1021 1264 1059 1326 in
1082 1264 1208 1345 oppido
1233 1283 1302 1327 non

354 1364 583 1444 invenerunt;
612 1365 673 1427 sed
702 1371 816 1427 tamen
847 1370 969 1427 contra
993 1364 1106 1426 socios
1131 1363 1219 1446 ejus,
1242 1364 1303 1444 qui

354 1481 400 1525 ex
430 1463 557 1544 oppido
598 1463 765 1527 adversus
802 1482 862 1526 eos
893 1463 1063 1539 exierant,
1097 1461 1303 1543 gravissimo

353 1562 474 1643 praelio
496 1563 690 1638 commisso,
718 1563 754 1624 in
780 1563 893 1643 prima
914 1562 1156 1642 congressione
1184 1562 1220 1624 in
1245 1562 1301 1624 fu-

354 1679 434 1741 gam
467 1680 527 1724 eos
559 1661 781 1743 compellunt,
813 1661 977 1743 oppidum
1008 1660 1212 1725 invadentes
1240 1660 1302 1724 de·

354 1766 507 1836 struunt,
545 1779 687 1824 uxorem
727 1759 893 1823 Hasteini
931 1779 1008 1823 cum
1048 1760 1181 1824 duobus
1221 1759 1300 1824 filiis

320 1851 322 1855 ’
355 1858 431 1941 ejus
455 1858 602 1922 vinculis
635 1859 889 1940 constringunt,
917 1877 1025 1922 naves
1050 1858 1217 1940 quasdam
1247 1859 1301 1921 in-

354 1958 517 2034 oendunt,
547 1958 715 2040 quasdam
750 1959 794 2022 ad
827 1959 945 2022 urbem
980 1957 1166 2022 Rofensem
1195 1957 1302 2020 addu-

354 2064 450 2133 cunt,
466 2077 609 2120 uxorem
627 2056 790 2121 Hasteini
814 2076 891 2120 cum
914 2058 987 2119 suis
1013 2057 1092 2120 filiis
1115 2058 1158 2120 ad
1182 2058 1301 2120 urbem

355 2153 553 2219 Londonies
577 2156 827 2220 transmittunt.
880 2156 937 2232 Et,
955 2156 1008 2219 his
1029 2156 1080 2219 ita
1102 2156 1221 2237 gestis,
1238 2176 1301 2219 rex

353 2251 518 2319 Alsredus
550 2256 709 2336 paganis,
742 2275 805 2338 pro
838 2256 963 2336 quibus
997 2254 1168 2318 Exoniam
1201 2256 1302 2332 ierat,

355 2351 424 2416 levi
450 2354 590 2434 negotio
615 2354 799 2436 superatis,
830 2354 1027 2418 dilaceratis
1053 2362 1088 2418 et
1117 2355 1160 2418 ad
1194 2373 1303 2417 naves

354 2449 497 2533 fugatis,
514 2471 672 2515 reversus
688 2460 742 2516 est
763 2453 807 2516 ad
825 2452 1100 2517 Londoniensem
1114 2454 1302 2530 civitatem,
1338 2535 1341 2540 .

356 2551 414 2613 ubi
451 2570 565 2614 comes
602 2552 807 2616 Ethelredus
845 2573 987 2616 uxorem
1022 2552 1184 2616 Hasteini
1222 2572 1301 2615 cum

353 2648 487 2712 duobus
501 2650 593 2737 ¹filiis
615 2653 689 2733 regi
712 2653 948 2732 praesentavit,
967 2659 1088 2733 petens
1110 2652 1301 2735 adjudicari

354 2749 436 2829 quid
459 2750 502 2812 de
525 2769 635 2814 uxore
660 2750 813 2833 ejusdem
838 2751 1023 2832 proditoris
1049 2759 1084 2813 et
1109 2752 1188 2813 filiis
1212 2750 1302 2815 soret

353 2849 537 2928 agendum,
565 2849 626 2929 qui
651 2858 804 2931 pactum,
825 2849 917 2930 quod
943 2869 1020 2912 cum
1049 2869 1129 2931 rege
1159 2851 1301 2931 pepige-

352 2947 436 3027 rat,]
453 2941 625 3011 ¹vioiavit.
666 2948 766 3010 Tunc
782 2967 859 3011 cum
875 2949 919 3011 ab
937 2948 1094 3010 omnibus
1104 2949 1299 3031 judicatum

307 3054 312 3062 '
351 3044 474 3109 fuisset
497 3048 592 3128 ipsos
617 3053 727 3110 morte
753 3047 953 3129 turpissima
978 3066 1054 3110 esse
1076 3047 1212 3128 dignos,
1237 3068 1299 3112 rex

351 3145 463 3209 noluit
486 3147 536 3209 eis
559 3147 743 3228 quicquam
771 3146 853 3209 mali
881 3147 1006 3222 facere,
1032 3147 1185 3228 eoquod
1209 3148 1299 3210 idem

351 3262 413 3306 rex
439 3264 546 3307 unum
572 3264 617 3307 ex
644 3247 760 3326 pueris
790 3245 874 3321 suis,
897 3253 937 3307 ut
964 3245 1122 3326 superius
1150 3245 1297 3309 relatum

350 3350 415 3417 est,
440 3343 482 3405 de
508 3363 607 3406 sacro
635 3344 730 3407 sonte
755 3352 956 3426 susceperat
986 3352 1021 3407 et
1050 3344 1154 3406 alium
1184 3363 1299 3408 comes

350 3438 568 3518 Ethelredus,
593 3441 652 3504 sed
679 3450 749 3505 tam
772 3449 917 3506 matrem
940 3463 1045 3525 quam
1066 3461 1190 3525 pueros
1212 3444 1297 3507 libe·

347 3557 406 3601 ros
423 3540 519 3603 abire
537 3540 705 3623 permisit.

462 3687 511 3749 De
522 3689 619 3774 pravi
635 3689 772 3774 quodam
780 3691 1001 3772 persecutione,
1016 3712 1078 3775 qao
1093 3692 1184 3754 Daoi

703 3788 828 3851 contriti
843 3797 925 3851 sont.

185 3925 296 3965 nossa
396 3909 500 3974 Anno
517 3909 658 3973 Domini
681 3927 860 3974 ncccxcv.
877 3904 1084 3975 ²Formosus
1101 3933 1193 3995 papa
1210 3915 1299 3978 sedit

382 4054 535 4125 ¹Violooit.]
559 4059 595 4106 At
612 4059 662 4107 this
680 4063 750 4121 point
766 4077 806 4109 we
833 4063 893 4124 logy
904 4063 933 4111 oi
941 4065 1076 4113 Formosus
1088 4066 1138 4113 and
1149 4066 1191 4114 the
1200 4068 1239 4115 six
1252 4068 1298 4116 soi-

343 4133 429 4176 return
440 4132 466 4175 to
477 4128 519 4176 the
530 4129 694 4190 manuscript.
833 4133 927 4193 lowing
944 4148 1023 4194 popes
1040 4135 1062 4182 is
1081 4136 1212 4198 incorrect,
1229 4152 1257 4185 as
1275 4140 1297 4186 is

379 4194 530 4247 'Formosas
537 4198 621 4262 papa]
637 4198 691 4248 'i'he
702 4200 807 4249 chrono-
833 4202 901 4252 clear
919 4202 981 4251 irom
1001 4203 1044 4252 the
1063 4207 1197 4254 statement
1217 4207 1297 4256 above
