2888 4852
317 403 361 469 58
570 414 704 463 noorai
728 415 775 462 nn
799 414 1007 464 wnrauovna

156 597 266 638 rnen.
367 576 469 642 Anno
485 576 608 659 gratiae
622 592 687 640 nx.
703 573 912 641 Anastasius
928 577 1116 660 imperator
1133 569 1265 642 ¹Lodo·

315 679 392 744 vico
413 677 624 742 Francorum
649 677 736 759 regi,
757 676 876 740 literas
896 677 939 740 de
962 678 1146 742 consulatu
1168 678 1265 742 misit

314 787 349 843 et
359 796 519 843 coronam
532 796 672 841 auream
686 776 859 859 lapidibus
874 779 1035 860 pretiosis
1050 778 1263 855 decoratam,

313 887 348 943 et
364 897 408 942 ex
423 877 485 941 illa
500 877 557 941 die
572 877 694 941 consul
709 884 763 940 est
779 877 988 960 appellatus.

400 1050 442 1115 Ut
457 1050 592 1115 Saeuam
604 1049 742 1115 molesios
755 1049 936 1115 Britannia
950 1050 1176 1115 dememorant.

154 1195 262 1236 anon.
362 1172 466 1239 Anno
482 1174 605 1256 gratiae
623 1190 703 1238 uxr.
721 1175 880 1238 videntes
905 1173 1076 1253 Saxones,
1100 1176 1160 1258 qui
1181 1175 1261 1240 Bri·

154 1246 285 1338 iii's'issin'.
312 1275 466 1340 tanniam
497 1273 751 1352 inhabitabant,
789 1273 1102 1358 Utberpendragon
1141 1295 1258 1358 regem

231 1411 240 1425 ·
311 1376 411 1458 gravi
432 1373 632 1438 infirmitate
650 1393 865 1457 oppressum,
887 1381 1123 1439 convenerunt
1139 1395 1259 1440 omnes

309 1475 346 1539 in
368 1493 486 1552 unum,
505 1482 545 1538 nt
560 1473 737 1538 insulanos
761 1492 783 1537 a
804 1474 928 1538 finibus
950 1475 1023 1539 suis
1043 1476 1258 1558 expellerent

309 1582 345 1638 et
364 1574 496 1659 junctis
521 1574 652 1639 viribus
679 1574 827 1638 sertilem
850 1573 1000 1658 patriam
1030 1576 1096 1639 sibi
1121 1576 1157 1639 in
1180 1595 1258 1658 per-

308 1681 450 1758 petuum
465 1674 702 1758 subjugarent.
748 1673 1006 1738 Perlustrantes
1020 1675 1140 1757 itaque
1154 1695 1259 1759 quas-

308 1793 376 1858 que
392 1775 600 1856 provincias‚
614 1793 692 1837 cum
715 1773 887 1838 neminem
907 1774 973 1838 sibi
994 1774 1154 1839 resistere
1175 1795 1258 1858 cog-

309 1874 499 1950 novissent,
515 1881 625 1938 totam
650 1873 721 1937 sere
749 1874 898 1937 insulam
923 1893 945 1936 a
967 1875 1054 1938 mari
1078 1877 1254 1958 usquead

308 1992 402 2037 mare
432 1973 616 2037 devastare
644 1981 846 2056 coeperunt3
870 1991 934 2037 nec
965 1974 1119 2056 praelatis
1144 1975 1255 2039 eccle-

306 2073 434 2137 siarum
452 2073 507 2137 vel
531 2073 633 2136 rebus
655 2073 898 2137 ecclesiasticis
920 2080 1113 2155 paroentes,
1137 2075 1257 2140 Chris·

306 2173 501 2237 tianitatem
515 2191 615 2255 paene
628 2178 737 2236 totam
754 2172 790 2236 in
804 2172 920 2237 insula
932 2172 1143 2238 deleverunt.
1196 2174 1256 2239 In·

305 2272 420 2335 sulani
435 2279 550 2336 autem
564 2291 681 2354 regem
695 2272 866 2336 infirmum
879 2273 1088 2350 deserentes,
1098 2273 1142 2337 ad
1155 2294 1255 2339 mon-

306 2371 391 2435 tium
419 2372 568 2455 abrupta
587 2380 622 2436 et
643 2371 809 2435 silvarum
831 2372 978 2436 latibula
996 2372 1253 2451 confluxerunt,

189 2477 191 2480 ’
305 2471 389 2554 quia
400 2471 559 2535 nimirum
575 2470 694 2535 fallere
711 2491 779 2535 non
797 2472 912 2555 potuit
926 2473 1144 2555 proverbium
1165 2474 1251 2538 illud

305 2571 499 2653 antiquum,
521 2590 591 2654 quo
612 2571 750 2648 dicitur,
772 2571 878 2655 quod,
891 2576 901 2606 ‘
915 2569 1039 2654 Capite
1065 2572 1253 2652 infirmato,

305 2676 433 2734 caetera
448 2671 601 2735 membra
616 2669 758 2735 dolent.‘

390 2841 433 2908 Ut
453 2843 558 2922 Uter,
567 2850 712 2929 pollam
726 2843 761 2908 ia
776 2842 895 2921 lectica,
910 2843 1043 2908 Sasernas
1057 2843 1176 2908 vicem.

154 2988 252 3028 insu.
353 2965 459 3033 Anno
484 2970 606 3051 gratiae
635 2985 730 3033 nxu.
756 2988 819 3033 rex
845 2967 1028 3033 Britonum
1054 2967 1254 3052 Utberpen-

154 3039 274 3140 ΨΜ
303 3064 448 3150 dragon,
465 3069 508 3133 de
524 3069 622 3152 regni
638 3068 862 3133 subversione
884 3075 920 3132 et
942 3068 1097 3132 ecclesiae
1118 3077 1251 3135 sanotae

302 3169 525 3252 oppressione
561 3168 780 3234 vehementer
810 3175 1013 3245 commotus,
1050 3171 1250 3234 convocatis

303 3269 460 3332 omnibus
473 3269 570 3350 regni
584 3270 638 3331 sui
653 3268 885 3349 magnatibus,
902 3269 1028 3332 acriter
1042 3287 1102 3332 eos
1123 3268 1167 3333 de
1188 3289 1249 3334 su·

302 3367 422 3449 perbia
449 3375 485 3431 et
509 3369 657 3450 segnitie
686 3368 889 3450 increpavit.
952 3366 1117 3431 Convitia
1143 3369 1248 3433 etiam

302 3466 412 3531 multa
438 3487 516 3531 cum
542 3467 735 3551 opprobriis
754 3467 916 3541 inferens,
928 3465 1063 3550 juravit
1079 3468 1173 3550 quod
1195 3469 1250 3552 ip-

302 3575 411 3631 semet
425 3567 504 3631 illos
526 3567 561 3630 in
584 3568 701 3631 hostes
721 3566 940 3640 conduceret,
956 3575 995 3631 ut
1018 3567 1151 3631 animos
1174 3588 1249 3633 om·

301 3666 396 3729 nium
412 3667 456 3731 ad
473 3674 603 3731 statum
617 3673 652 3730 et
666 3666 846 3730 audaciam
861 3666 1042 3749 pristinam
1058 3676 1247 3732 revocaret.

301 3764 475 3850 Praecepit
493 3786 576 3849 ergo
600 3766 764 3830 feretrum
781 3765 847 3829 sibi
863 3766 937 3829 fieri
951 3785 1020 3847 quo
1039 3773 1248 3849 portaretur,

299 3884 377 3929 cum
406 3866 663 3931 alteriusmodi
694 3883 914 3949 progressum
939 3865 1121 3929 infirmitas
1144 3866 1251 3932 dene-

332 4071 505 4138 ¹Lodoeioo.]
530 4073 583 4124 'l'be
611 4090 680 4125 same
695 4074 759 4124 with
783 4073 953 4136 ‘Lodovieus,
982 4073 1027 4136 qui
1049 4079 1076 4124 et
1095 4075 1250 4140 clodovens,

297 4145 419 4195 Clovisl.
448 4144 757 4206 Heisirequentlymen-
782 4159 827 4194 rex
847 4144 1019 4195 F'reneorumss
1046 4145 1095 4197 Ed.
1115 4147 1247 4198 Pateat

295 4215 380 4265 tioned
408 4216 441 4275 by
465 4216 554 4266 Herm.
577 4217 705 4266 Contract.
726 4230 756 4265 as
781 4229 807 4276 p.
821 4219 876 4266 170.
