2888 4852
734 406 907 454 PREFAGE.

418 637 490 700 ‘De
506 636 599 712 Lero,
616 656 683 720 repe
698 635 877 712 Britooaan,
885 633 1078 718 y'ocrmdaria
1094 633 1214 699 relato.

181 779 301 828 amona
394 761 518 825 ‘Circa
534 760 597 824 hos
613 760 717 822 etiam
734 758 808 821 dies
823 777 885 821 rex
904 757 1087 821 Britonum
1106 757 1197 833 Leir,
1216 776 1293 820 cum

181 830 298 881 unguen.

345 869 436 926 esset
458 861 554 924 senio
581 858 758 923 confectus
778 864 814 921 et
830 857 938 920 filium
961 876 1031 920 non
1050 856 1203 932 haberat,
1223 863 1295 919 tres

345 960 446 1036 filias,
473 977 560 1042 quas
586 957 716 1033 babuit,
742 957 914 1020 nobilibus
938 956 1109 1038 disposuit
1132 955 1294 1037 copulare

345 1058 478 1122 maritis
493 1079 502 1137 ;
526 1058 598 1133 sed,
614 1065 653 1121 ut
670 1057 775 1121 sciret
789 1074 868 1138 quae
888 1055 1025 1118 illarum
1047 1054 1182 1137 potiore
1197 1054 1294 1135 regni

345 1165 444 1241 parte
461 1158 599 1240 dignior
614 1156 810 1232 haberetur,
821 1155 1064 1218 sciscitabatur
1078 1154 1121 1217 ab
1138 1154 1200 1230 eis,
1216 1172 1294 1236 quae

344 1259 458 1340 ipsum
482 1257 594 1338 magis
621 1255 791 1337 diligeret.
843 1253 921 1330 Cui,
946 1273 1025 1317 cum
1053 1253 1130 1316 duae
1155 1271 1296 1334 respon-

347 1358 488 1435 dissent,
512 1356 603 1439 quod
626 1355 706 1438 plus
732 1361 865 1436 patrem
885 1372 988 1437 quam
1012 1352 1145 1434 scipsas
1172 1352 1295 1432 dilige·

346 1467 437 1533 rent,
453 1455 567 1530 tertia,
581 1474 660 1539 quae
676 1461 761 1516 natu
777 1454 889 1517 minor
904 1458 991 1528 erat,
1002 1470 1158 1515 sororum
1176 1451 1296 1515 adula-

348 1556 475 1619 tionem
489 1553 698 1635 intelligens,
716 1553 777 1628 ait,
793 1552 891 1633 ‘Ego
907 1560 943 1616 te
956 1570 1092 1633 semper
1104 1559 1145 1615 ut
1161 1558 1294 1632 patrem

347 1654 467 1730 dilexi,
483 1660 530 1730 et,
547 1653 578 1716 si
593 1672 616 1717 a
629 1672 684 1717 me
700 1652 778 1735 plus
794 1660 1000 1732 extorquere
1016 1651 1203 1727 desideras,
1219 1650 1296 1715 dico

347 1753 422 1830 tibi,
452 1753 615 1835 quoniam
640 1759 808 1834 quantum
832 1751 939 1815 habes
964 1758 1100 1814 tantum
1118 1750 1233 1826 vales,
1261 1757 1297 1814 ct

347 1872 413 1934 ego
429 1859 464 1915 te
481 1858 616 1916 tantum
633 1850 765 1932 diligo'
816 1849 895 1928 Quo
917 1851 1048 1927 audito,
1069 1869 1132 1914 rex
1150 1869 1228 1913 cum
1241 1850 1295 1912 in·

348 1951 549 2032 dignatione
565 1949 752 2032 respondit,
767 1948 962 2027 ‘Quoniam
978 1951 1014 2013 in
1028 1956 1165 2013 tantum
1178 1968 1297 2014 senec·

348 2057 457 2113 tutem
488 2069 600 2114 meam
634 2048 809 2130 sprevisti,
837 2054 968 2130 quanto
996 2057 1031 2112 tc
1056 2048 1135 2131 plus
1163 2048 1297 2113 caeteris

349 2148 523 2212 sororibus
550 2148 617 2212 tuis
643 2147 840 2230 diligebam,
867 2149 904 2211 in
934 2154 1069 2211 tantum
1093 2155 1129 2212 te
1155 2148 1298 2230 diligere

349 2245 573 2328 dedignabor,
587 2267 665 2330 quae
682 2267 857 2329 nunquam
874 2247 911 2310 in
926 2266 1033 2328 regno
1050 2266 1135 2311 mco*
1147 2266 1224 2310 cum
1244 2267 1297 2311 so

349 2347 483 2409 roribus
497 2347 568 2409 tuis
584 2355 715 2428 partem
734 2346 887 2410 babebis.
940 2346 996 2422 Et,
1009 2346 1063 2410 his
1079 2346 1192 2422 dictis,
1208 2366 1299 2429 praa-

279 2468 281 2474 ·
349 2445 441 2508 fatas
459 2445 546 2509 duas
566 2445 701 2528 puellas
719 2445 864 2510 ducibus
883 2445 1069 2510 cornubiae
1089 2452 1125 2510 at
1142 2444 1300 2510 Albaniae

350 2564 428 2608 cum
452 2544 565 2608 divisa
590 2545 773 2609 Britannia
802 2546 993 2622 maritavit,
1018 2546 1069 2610 ita
1097 2546 1232 2628 quidem
1261 2554 1301 2611 ut

350 2650 591 2726 postmortem
613 2644 688 2727 ejus
710 2644 818 2709 totius
840 2645 963 2708 insulae
980 2645 1130 2709 dominio
1145 2646 1300 2710 frueren-

350 2751 419 2806 tur.
471 2742 626 2806 Tandem
649 2762 728 2806 cum
748 2744 851 2827 hujus
873 2744 956 2807 facti
974 2743 1067 2807 sama
1084 2745 1127 2808 ad
1143 2744 1299 2828 Aganip·

349 2859 444 2924 pum,
453 2861 569 2924 regern
583 2843 807 2920 Francorum,
821 2843 1044 2925 pervenisset,
1055 2844 1149 2907 misit
1160 2847 1299 2909 nuntios

351 2941 394 3003 ad
413 2960 528 3022 regem
543 2942 738 3023 praefatum,
751 2961 879 3024 rogans
895 2949 934 3005 ut
951 2941 1056 3005 filiam
1071 2962 1170 3006 suam
1181 2945 1299 3028 junio-

350 3059 434 3116 rem,
455 3041 593 3105 nominc
618 3039 839 3118 Cordeillam,
862 3042 1123 3119 transmitteret,
1145 3044 1299 3125 legitimo

350 3139 416 3202 sibi
429 3140 648 3203 matrimonio
662 3141 901 3221 copulandam.
947 3141 1014 3204 Sed
1028 3160 1091 3206 rex
1105 3142 1141 3205 in
1158 3143 1299 3225 praedic-

350 3244 423 3300 tam
438 3237 550 3301 adbuc
563 3257 788 3320 perseverans
801 3241 866 3316 ira,
878 3239 973 3304 misit
982 3240 1088 3304 filiam
1104 3260 1202 3304 suam
1218 3261 1300 3306 con·

351 3336 448 3399 tinuo
471 3336 601 3418 absque
624 3345 729 3413 terra,
752 3357 836 3402 auro
860 3347 896 3403 et
917 3347 1074 3422 argento,
1097 3347 1202 3423 atque
1225 3343 1299 3407 sine

352 3436 445 3499 omni
470 3436 665 3500 substantia
692 3439 941 3517 maritandam
969 3456 1073 3523 quam
1100 3459 1163 3504 rex
1188 3442 1298 3506 Fran·

351 3552 469 3597 corum
489 3536 705 3615 gratulanter
724 3539 927 3620 suscipiens,
949 3539 985 3602 in
1008 3540 1208 3604 societatem
1231 3544 1298 3606 tori

350 3632 446 3696 illam
469 3633 609 3699 admisit
630 3642 666 3699 ct
686 3637 731 3701 ob
754 3639 893 3702 nimiam
912 3639 987 3722 ejus
1010 3638 1298 3721 pulchritudinem

351 3739 391 3795 nt
421 3734 576 3815 reginam
610 3735 803 3801 honoravit.
871 3737 938 3801 Sed
975 3756 1046 3800 non
1076 3739 1185 3804 multo
1219 3750 1299 3824 post

349 3838 503 3914 tempore
530 3835 635 3899 duces
660 3837 815 3918 praedicti
841 3836 1104 3901 insurrexerunt
1124 3839 1158 3901 in
1182 3860 1298 3922 regem

350 3929 432 3994 Leir
447 3940 483 3997 et
500 3935 716 3999 abstulerunt
731 3936 762 4000 ei
782 3955 926 4017 regnum
948 3944 983 4000 et
998 3937 1127 4016 regiam
1145 3939 1296 4021 dignita·

349 4036 430 4096 tem.
482 4033 562 4099 Rex
590 4035 708 4116 igitur,
736 4034 878 4116 ignarus
903 4035 984 4117 quid
1010 4043 1141 4118 ageret,
1169 4039 1297 4105 delibe-

348 4131 440 4197 ravit
460 4134 556 4198 adira
578 4133 666 4197 filias
692 4153 785 4210 snas,
806 4135 931 4218 quibus
955 4155 1098 4217 regnum
1122 4138 1298 4217 diviserat,
