<?xml version="1.0" encoding="UTF-8"?>
<!DOCTYPE html PUBLIC "-//W3C//DTD XHTML 1.0 Transitional//EN"
    "http://www.w3.org/TR/xhtml1/DTD/xhtml1-transitional.dtd">
<html xmlns="http://www.w3.org/1999/xhtml" xml:lang="en" lang="en">
 <head>
  <title>
</title>
<meta http-equiv="Content-Type" content="text/html;charset=utf-8" />
  <meta name='ocr-system' content='tesseract 3.04.00' />
  <meta name='ocr-capabilities' content='ocr_page ocr_carea ocr_par ocr_line ocrx_word'/>
</head>
<body>
  <div class='ocr_page' id='page_1' title='image "./rogeridewendove04rogegoog_0554.png"; bbox 0 0 2888 4852; ppageno 0'>
   <div class='ocr_carea' id='block_1_1' title="bbox 398 404 1088 471">
    <p class='ocr_par' dir='ltr' id='par_1_1' title="bbox 398 404 1088 471">
     <span class='ocr_line' id='line_1_1' title="bbox 398 404 1088 471; baseline -0.003 -1"><span class='ocrx_word' id='word_1_1' title='bbox 398 420 537 471; x_wconf 75' lang='lat' dir='ltr'><strong>anonas</strong></span> <span class='ocrx_word' id='word_1_2' title='bbox 562 419 828 467; x_wconf 79' lang='lat' dir='ltr'><strong>ursronrnnun.</strong></span> <span class='ocrx_word' id='word_1_3' title='bbox 1023 404 1088 468; x_wconf 87' lang='grc'><strong>511</strong></span> 
     </span>
    </p>
   </div>
   <div class='ocr_carea' id='block_1_2' title="bbox 135 578 1216 3932">
    <p class='ocr_par' dir='ltr' id='par_1_2' title="bbox 135 578 1216 3932">
     <span class='ocr_line' id='line_1_2' title="bbox 136 578 1089 659; baseline 0.001 -20"><span class='ocrx_word' id='word_1_4' title='bbox 136 578 396 658; x_wconf 85' lang='lat' dir='ltr'><strong>compositionis</strong></span> <span class='ocrx_word' id='word_1_5' title='bbox 428 596 553 658; x_wconf 77' lang='lat' dir='ltr'><strong>genere</strong></span> <span class='ocrx_word' id='word_1_6' title='bbox 585 583 841 652; x_wconf 80' lang='lat' dir='ltr'><strong>construxerat,</strong></span> <span class='ocrx_word' id='word_1_7' title='bbox 866 594 888 639; x_wconf 95' lang='lat' dir='ltr'><strong>a</strong></span> <span class='ocrx_word' id='word_1_8' title='bbox 913 595 987 659; x_wconf 88' lang='lat' dir='ltr'><strong>qua.</strong></span> <span class='ocrx_word' id='word_1_9' title='bbox 1008 586 1089 659; x_wconf 91' lang='lat' dir='ltr'><strong>post</strong></span> 
     </span>
     <span class='ocr_line' id='line_1_3' title="bbox 136 675 1088 758; baseline 0.002 -19"><span class='ocrx_word' id='word_1_10' title='bbox 136 676 248 752; x_wconf 91' lang='lat' dir='ltr'><strong>multi,</strong></span> <span class='ocrx_word' id='word_1_11' title='bbox 277 677 440 740; x_wconf 87' lang='lat' dir='ltr'><strong>ecclesias</strong></span> <span class='ocrx_word' id='word_1_12' title='bbox 466 684 718 753; x_wconf 82' lang='lat' dir='ltr'><strong>construentes,</strong></span> <span class='ocrx_word' id='word_1_13' title='bbox 743 675 939 757; x_wconf 87' lang='lat' dir='ltr'><strong>exemplum</strong></span> <span class='ocrx_word' id='word_1_14' title='bbox 970 676 1088 758; x_wconf 82' lang='lat' dir='ltr'><strong>adepti</strong></span> 
     </span>
     <span class='ocr_line' id='line_1_4' title="bbox 135 770 1088 858; baseline 0 -20"><span class='ocrx_word' id='word_1_15' title='bbox 135 795 223 857; x_wconf 90' lang='lat' dir='ltr'><strong>opus</strong></span> <span class='ocrx_word' id='word_1_16' title='bbox 239 775 321 839; x_wconf 91' lang='lat' dir='ltr'><strong>illud</strong></span> <span class='ocrx_word' id='word_1_17' title='bbox 342 777 555 858; x_wconf 90' lang='lat' dir='ltr'><strong>sumptuosis</strong></span> <span class='ocrx_word' id='word_1_18' title='bbox 576 776 784 839; x_wconf 87' lang='lat' dir='ltr'><strong>aemulantur</strong></span> <span class='ocrx_word' id='word_1_19' title='bbox 798 775 974 858; x_wconf 87' lang='lat' dir='ltr'><strong>expensis.</strong></span> <span class='ocrx_word' id='word_1_20' title='bbox 1027 770 1088 839; x_wconf 92' lang='lat' dir='ltr'><strong>lIn</strong></span> 
     </span>
     <span class='ocr_line' id='line_1_5' title="bbox 136 873 1088 957; baseline 0.003 -21"><span class='ocrx_word' id='word_1_21' title='bbox 136 874 201 939; x_wconf 89' lang='lat' dir='ltr'><strong>hoc</strong></span> <span class='ocrx_word' id='word_1_22' title='bbox 228 875 376 957; x_wconf 90' lang='lat' dir='ltr'><strong>denique</strong></span> <span class='ocrx_word' id='word_1_23' title='bbox 404 895 485 957; x_wconf 86' lang='lat' dir='ltr'><strong>rege</strong></span> <span class='ocrx_word' id='word_1_24' title='bbox 511 876 603 938; x_wconf 90' lang='lat' dir='ltr'><strong>linea</strong></span> <span class='ocrx_word' id='word_1_25' title='bbox 634 895 753 957; x_wconf 83' lang='lat' dir='ltr'><strong>regum</strong></span> <span class='ocrx_word' id='word_1_26' title='bbox 785 873 925 956; x_wconf 81' lang='lat' dir='ltr'><strong>Angliae</strong></span> <span class='ocrx_word' id='word_1_27' title='bbox 950 875 1088 953; x_wconf 87' lang='lat' dir='ltr'><strong>defecit,</strong></span> 
     </span>
     <span class='ocr_line' id='line_1_6' title="bbox 137 974 1088 1058; baseline 0.002 -22"><span class='ocrx_word' id='word_1_28' title='bbox 137 993 216 1055; x_wconf 68' lang='lat' dir='ltr'><strong>quae</strong></span> <span class='ocrx_word' id='word_1_29' title='bbox 242 993 264 1037; x_wconf 88' lang='lat' dir='ltr'><strong>a</strong></span> <span class='ocrx_word' id='word_1_30' title='bbox 289 974 445 1050; x_wconf 85' lang='lat' dir='ltr'><strong>Cerdico,</strong></span> <span class='ocrx_word' id='word_1_31' title='bbox 472 976 583 1058; x_wconf 91' lang='lat' dir='ltr'><strong>primo</strong></span> <span class='ocrx_word' id='word_1_32' title='bbox 605 974 897 1038; x_wconf 78' lang='lat' dir='ltr'><strong>West-sauonum</strong></span> <span class='ocrx_word' id='word_1_33' title='bbox 928 994 1009 1055; x_wconf 81' lang='lat' dir='ltr'><strong>rege</strong></span> <span class='ocrx_word' id='word_1_34' title='bbox 1043 995 1088 1038; x_wconf 79' lang='lat' dir='ltr'><strong>ex</strong></span> 
     </span>
     <span class='ocr_line' id='line_1_7' title="bbox 139 1072 1089 1156; baseline -0.002 -17"><span class='ocrx_word' id='word_1_35' title='bbox 139 1072 278 1154; x_wconf 81' lang='lat' dir='ltr'><strong>Anglis,</strong></span> <span class='ocrx_word' id='word_1_36' title='bbox 294 1075 493 1156; x_wconf 83' lang='lat' dir='ltr'><strong>quingentis</strong></span> <span class='ocrx_word' id='word_1_37' title='bbox 513 1083 549 1138; x_wconf 87' lang='lat' dir='ltr'><strong>ot</strong></span> <span class='ocrx_word' id='word_1_38' title='bbox 566 1076 791 1156; x_wconf 79' lang='lat' dir='ltr'><strong>septuaginta</strong></span> <span class='ocrx_word' id='word_1_39' title='bbox 807 1094 877 1137; x_wconf 94' lang='lat' dir='ltr'><strong>uno</strong></span> <span class='ocrx_word' id='word_1_40' title='bbox 898 1074 997 1136; x_wconf 87' lang='lat' dir='ltr'><strong>anuis</strong></span> <span class='ocrx_word' id='word_1_41' title='bbox 1020 1094 1089 1138; x_wconf 94' lang='lat' dir='ltr'><strong>non</strong></span> 
     </span>
     <span class='ocr_line' id='line_1_8' title="bbox 139 1172 1089 1256; baseline 0.002 -22"><span class='ocrx_word' id='word_1_42' title='bbox 139 1172 268 1254; x_wconf 83' lang='lat' dir='ltr'><strong>legitur</strong></span> <span class='ocrx_word' id='word_1_43' title='bbox 283 1173 489 1256; x_wconf 87' lang='lat' dir='ltr'><strong>interrupta,</strong></span> <span class='ocrx_word' id='word_1_44' title='bbox 507 1182 634 1256; x_wconf 86' lang='lat' dir='ltr'><strong>praeter</strong></span> <span class='ocrx_word' id='word_1_45' title='bbox 647 1194 708 1256; x_wconf 90' lang='lat' dir='ltr'><strong>per</strong></span> <span class='ocrx_word' id='word_1_46' title='bbox 722 1193 852 1256; x_wconf 89' lang='lat' dir='ltr'><strong>paucos</strong></span> <span class='ocrx_word' id='word_1_47' title='bbox 869 1174 1002 1249; x_wconf 86' lang='lat' dir='ltr'><strong>Dauos,</strong></span> <span class='ocrx_word' id='word_1_48' title='bbox 1017 1174 1089 1255; x_wconf 93' lang='lat' dir='ltr'><strong>qui,</strong></span> 
     </span>
     <span class='ocr_line' id='line_1_9' title="bbox 139 1272 1089 1354; baseline 0.002 -19"><span class='ocrx_word' id='word_1_49' title='bbox 139 1274 291 1354; x_wconf 88' lang='lat' dir='ltr'><strong>peccatis</strong></span> <span class='ocrx_word' id='word_1_50' title='bbox 308 1274 528 1354; x_wconf 85' lang='lat' dir='ltr'><strong>exigentibus</strong></span> <span class='ocrx_word' id='word_1_51' title='bbox 543 1274 656 1354; x_wconf 84' lang='lat' dir='ltr'><strong>gentis</strong></span> <span class='ocrx_word' id='word_1_52' title='bbox 668 1272 874 1354; x_wconf 83' lang='lat' dir='ltr'><strong>Anglorum,</strong></span> <span class='ocrx_word' id='word_1_53' title='bbox 888 1273 1089 1354; x_wconf 84' lang='lat' dir='ltr'><strong>aliquandiu</strong></span> 
     </span>
     <span class='ocr_line' id='line_1_10' title="bbox 139 1372 1145 1454; baseline 0.005 -22"><span class='ocrx_word' id='word_1_54' title='bbox 139 1382 383 1452; x_wconf 85' lang='lat' dir='ltr'><strong>regnaverunt.</strong></span> <span class='ocrx_word' id='word_1_55' title='bbox 437 1372 542 1435; x_wconf 91' lang='lat' dir='ltr'><strong>Nunc</strong></span> <span class='ocrx_word' id='word_1_56' title='bbox 563 1393 658 1454; x_wconf 83' lang='lat' dir='ltr'><strong>ergo,</strong></span> <span class='ocrx_word' id='word_1_57' title='bbox 682 1373 845 1454; x_wconf 88' lang='lat' dir='ltr'><strong>quoniam</strong></span> <span class='ocrx_word' id='word_1_58' title='bbox 866 1372 1025 1453; x_wconf 88' lang='lat' dir='ltr'><strong>superius</strong></span> <span class='ocrx_word' id='word_1_59' title='bbox 1047 1372 1090 1435; x_wconf 93' lang='lat' dir='ltr'><strong>de</strong></span> <span class='ocrx_word' id='word_1_60' title='bbox 1104 1397 1145 1437; x_wconf 77' lang='lat' dir='ltr'><strong>m·</strong></span> 
     </span>
     <span class='ocr_line' id='line_1_11' title="bbox 139 1448 1216 1553; baseline 0.003 -21"><span class='ocrx_word' id='word_1_61' title='bbox 139 1470 241 1553; x_wconf 91' lang='lat' dir='ltr'><strong>hujus</strong></span> <span class='ocrx_word' id='word_1_62' title='bbox 267 1472 457 1536; x_wconf 87' lang='lat' dir='ltr'><strong>beatissimi</strong></span> <span class='ocrx_word' id='word_1_63' title='bbox 483 1473 574 1550; x_wconf 85' lang='lat' dir='ltr'><strong>regis</strong></span> <span class='ocrx_word' id='word_1_64' title='bbox 595 1481 630 1535; x_wconf 92' lang='lat' dir='ltr'><strong>et</strong></span> <span class='ocrx_word' id='word_1_65' title='bbox 652 1471 869 1548; x_wconf 86' lang='lat' dir='ltr'><strong>confessoris,</strong></span> <span class='ocrx_word' id='word_1_66' title='bbox 894 1448 1216 1548; x_wconf 63' lang='lat' dir='ltr'><strong>Eadwardi,⁶*²⁸¹⁸⁰“‘·</strong></span> 
     </span>
     <span class='ocr_line' id='line_1_12' title="bbox 138 1571 1091 1653; baseline -0.002 -17"><span class='ocrx_word' id='word_1_67' title='bbox 138 1571 349 1636; x_wconf 88' lang='lat' dir='ltr'><strong>secularibus</strong></span> <span class='ocrx_word' id='word_1_68' title='bbox 369 1571 460 1634; x_wconf 91' lang='lat' dir='ltr'><strong>curis</strong></span> <span class='ocrx_word' id='word_1_69' title='bbox 481 1580 516 1634; x_wconf 91' lang='lat' dir='ltr'><strong>et</strong></span> <span class='ocrx_word' id='word_1_70' title='bbox 531 1571 698 1634; x_wconf 89' lang='lat' dir='ltr'><strong>bellorum</strong></span> <span class='ocrx_word' id='word_1_71' title='bbox 714 1571 998 1653; x_wconf 87' lang='lat' dir='ltr'><strong>occupationibus</strong></span> <span class='ocrx_word' id='word_1_72' title='bbox 1018 1571 1091 1634; x_wconf 86' lang='lat' dir='ltr'><strong>suf·</strong></span> 
     </span>
     <span class='ocr_line' id='line_1_13' title="bbox 140 1669 1091 1753; baseline 0.003 -22"><span class='ocrx_word' id='word_1_73' title='bbox 140 1669 294 1733; x_wconf 86' lang='lat' dir='ltr'><strong>ficienter</strong></span> <span class='ocrx_word' id='word_1_74' title='bbox 311 1671 508 1734; x_wconf 89' lang='lat' dir='ltr'><strong>continetur</strong></span> <span class='ocrx_word' id='word_1_75' title='bbox 522 1689 737 1753; x_wconf 87' lang='lat' dir='ltr'><strong>expressum,</strong></span> <span class='ocrx_word' id='word_1_76' title='bbox 754 1690 945 1751; x_wconf 82' lang='lat' dir='ltr'><strong>congruum</strong></span> <span class='ocrx_word' id='word_1_77' title='bbox 968 1670 1091 1734; x_wconf 91' lang='lat' dir='ltr'><strong>nihilo-</strong></span> 
     </span>
     <span class='ocr_line' id='line_1_14' title="bbox 140 1768 1090 1852; baseline 0.001 -21"><span class='ocrx_word' id='word_1_78' title='bbox 140 1769 253 1832; x_wconf 87' lang='lat' dir='ltr'><strong>minus</strong></span> <span class='ocrx_word' id='word_1_79' title='bbox 272 1770 419 1846; x_wconf 85' lang='lat' dir='ltr'><strong>videtur,</strong></span> <span class='ocrx_word' id='word_1_80' title='bbox 435 1776 474 1833; x_wconf 90' lang='lat' dir='ltr'><strong>ut</strong></span> <span class='ocrx_word' id='word_1_81' title='bbox 490 1769 534 1832; x_wconf 91' lang='lat' dir='ltr'><strong>de</strong></span> <span class='ocrx_word' id='word_1_82' title='bbox 551 1769 627 1852; x_wconf 89' lang='lat' dir='ltr'><strong>ejus</strong></span> <span class='ocrx_word' id='word_1_83' title='bbox 645 1768 831 1833; x_wconf 89' lang='lat' dir='ltr'><strong>sanctitate</strong></span> <span class='ocrx_word' id='word_1_84' title='bbox 852 1776 888 1833; x_wconf 90' lang='lat' dir='ltr'><strong>et</strong></span> <span class='ocrx_word' id='word_1_85' title='bbox 905 1770 1090 1834; x_wconf 89' lang='lat' dir='ltr'><strong>virtutibus</strong></span> 
     </span>
     <span class='ocr_line' id='line_1_15' title="bbox 141 1868 1090 1951; baseline -0.002 -19"><span class='ocrx_word' id='word_1_86' title='bbox 141 1869 195 1932; x_wconf 85' lang='lat' dir='ltr'><strong>vel</strong></span> <span class='ocrx_word' id='word_1_87' title='bbox 211 1888 323 1951; x_wconf 88' lang='lat' dir='ltr'><strong>pauca</strong></span> <span class='ocrx_word' id='word_1_88' title='bbox 337 1868 503 1932; x_wconf 88' lang='lat' dir='ltr'><strong>dicamus.</strong></span> <span class='ocrx_word' id='word_1_89' title='bbox 557 1868 650 1933; x_wconf 90' lang='lat' dir='ltr'><strong>Nam</strong></span> <span class='ocrx_word' id='word_1_90' title='bbox 668 1869 780 1932; x_wconf 90' lang='lat' dir='ltr'><strong>adhuc</strong></span> <span class='ocrx_word' id='word_1_91' title='bbox 804 1870 840 1932; x_wconf 92' lang='lat' dir='ltr'><strong>in</strong></span> <span class='ocrx_word' id='word_1_92' title='bbox 860 1870 997 1934; x_wconf 85' lang='lat' dir='ltr'><strong>mortali</strong></span> <span class='ocrx_word' id='word_1_93' title='bbox 1014 1889 1090 1932; x_wconf 92' lang='lat' dir='ltr'><strong>cor·</strong></span> 
     </span>
     <span class='ocr_line' id='line_1_16' title="bbox 142 1968 1090 2050; baseline -0.002 -18"><span class='ocrx_word' id='word_1_94' title='bbox 142 1988 224 2050; x_wconf 91' lang='lat' dir='ltr'><strong>pore</strong></span> <span class='ocrx_word' id='word_1_95' title='bbox 247 1969 469 2043; x_wconf 64' lang='lat' dir='ltr'><strong>constitutus</strong></span> <span class='ocrx_word' id='word_1_96' title='bbox 495 1987 573 2031; x_wconf 89' lang='lat' dir='ltr'><strong>cum</strong></span> <span class='ocrx_word' id='word_1_97' title='bbox 595 1976 806 2033; x_wconf 89' lang='lat' dir='ltr'><strong>secretorum</strong></span> <span class='ocrx_word' id='word_1_98' title='bbox 827 1968 1015 2032; x_wconf 86' lang='lat' dir='ltr'><strong>caelestium</strong></span> <span class='ocrx_word' id='word_1_99' title='bbox 1039 1969 1090 2031; x_wconf 92' lang='lat' dir='ltr'><strong>in·</strong></span> 
     </span>
     <span class='ocr_line' id='line_1_17' title="bbox 141 2067 1091 2148; baseline 0.001 -18"><span class='ocrx_word' id='word_1_100' title='bbox 141 2067 287 2148; x_wconf 88' lang='lat' dir='ltr'><strong>dagator</strong></span> <span class='ocrx_word' id='word_1_101' title='bbox 320 2076 412 2131; x_wconf 89' lang='lat' dir='ltr'><strong>esset</strong></span> <span class='ocrx_word' id='word_1_102' title='bbox 451 2067 707 2144; x_wconf 91' lang='lat' dir='ltr'><strong>solertissimus,</strong></span> <span class='ocrx_word' id='word_1_103' title='bbox 749 2068 917 2131; x_wconf 92' lang='lat' dir='ltr'><strong>nonnulla</strong></span> <span class='ocrx_word' id='word_1_104' title='bbox 949 2068 981 2131; x_wconf 91' lang='lat' dir='ltr'><strong>ei</strong></span> <span class='ocrx_word' id='word_1_105' title='bbox 1009 2067 1091 2131; x_wconf 86' lang='lat' dir='ltr'><strong>Rex</strong></span> 
     </span>
     <span class='ocr_line' id='line_1_18' title="bbox 143 2166 1092 2249; baseline 0.003 -22"><span class='ocrx_word' id='word_1_106' title='bbox 143 2187 262 2248; x_wconf 86' lang='lat' dir='ltr'><strong>regum</strong></span> <span class='ocrx_word' id='word_1_107' title='bbox 286 2187 348 2249; x_wconf 93' lang='lat' dir='ltr'><strong>per</strong></span> <span class='ocrx_word' id='word_1_108' title='bbox 369 2166 561 2249; x_wconf 81' lang='lat' dir='ltr'><strong>prophetiae</strong></span> <span class='ocrx_word' id='word_1_109' title='bbox 590 2168 749 2249; x_wconf 90' lang='lat' dir='ltr'><strong>spiritum</strong></span> <span class='ocrx_word' id='word_1_110' title='bbox 775 2168 887 2230; x_wconf 91' lang='lat' dir='ltr'><strong>relatu</strong></span> <span class='ocrx_word' id='word_1_111' title='bbox 910 2167 1017 2248; x_wconf 81' lang='lat' dir='ltr'><strong>digna</strong></span> <span class='ocrx_word' id='word_1_112' title='bbox 1039 2187 1092 2231; x_wconf 92' lang='lat' dir='ltr'><strong>re-</strong></span> 
     </span>
     <span class='ocr_line' id='line_1_19' title="bbox 142 2266 1092 2348; baseline -0.001 -18"><span class='ocrx_word' id='word_1_113' title='bbox 142 2266 272 2330; x_wconf 88' lang='lat' dir='ltr'><strong>velavit</strong></span> <span class='ocrx_word' id='word_1_114' title='bbox 301 2284 456 2345; x_wconf 82' lang='lat' dir='ltr'><strong>arcana3</strong></span> <span class='ocrx_word' id='word_1_115' title='bbox 490 2286 612 2347; x_wconf 92' lang='lat' dir='ltr'><strong>nempe</strong></span> <span class='ocrx_word' id='word_1_116' title='bbox 643 2286 719 2329; x_wconf 90' lang='lat' dir='ltr'><strong>cum</strong></span> <span class='ocrx_word' id='word_1_117' title='bbox 748 2267 897 2348; x_wconf 89' lang='lat' dir='ltr'><strong>quodam</strong></span> <span class='ocrx_word' id='word_1_118' title='bbox 924 2275 1092 2348; x_wconf 90' lang='lat' dir='ltr'><strong>tempore,</strong></span> 
     </span>
     <span class='ocr_line' id='line_1_20' title="bbox 143 2358 1094 2448; baseline 0 -19"><span class='ocrx_word' id='word_1_119' title='bbox 143 2358 252 2448; x_wconf 86' lang='lat' dir='ltr'><strong>apud²</strong></span> <span class='ocrx_word' id='word_1_120' title='bbox 269 2365 628 2442; x_wconf 80' lang='lat' dir='ltr'><strong>westmonasterium,</strong></span> <span class='ocrx_word' id='word_1_121' title='bbox 653 2364 690 2428; x_wconf 93' lang='lat' dir='ltr'><strong>in</strong></span> <span class='ocrx_word' id='word_1_122' title='bbox 714 2365 770 2429; x_wconf 90' lang='lat' dir='ltr'><strong>die</strong></span> <span class='ocrx_word' id='word_1_123' title='bbox 797 2365 956 2442; x_wconf 87' lang='lat' dir='ltr'><strong>Paschae,</strong></span> <span class='ocrx_word' id='word_1_124' title='bbox 984 2365 1094 2447; x_wconf 81' lang='lat' dir='ltr'><strong>regali</strong></span> 
     </span>
     <span class='ocr_line' id='line_1_21' title="bbox 144 2465 1093 2542; baseline -0.002 -11"><span class='ocrx_word' id='word_1_125' title='bbox 144 2484 238 2531; x_wconf 89' lang='lat' dir='ltr'><strong>more</strong></span> <span class='ocrx_word' id='word_1_126' title='bbox 266 2466 395 2528; x_wconf 91' lang='lat' dir='ltr'><strong>curiam</strong></span> <span class='ocrx_word' id='word_1_127' title='bbox 422 2467 602 2542; x_wconf 91' lang='lat' dir='ltr'><strong>tenuisset,</strong></span> <span class='ocrx_word' id='word_1_128' title='bbox 625 2484 688 2528; x_wconf 82' lang='lat' dir='ltr'><strong>rex</strong></span> <span class='ocrx_word' id='word_1_129' title='bbox 713 2465 836 2529; x_wconf 90' lang='lat' dir='ltr'><strong>sedens</strong></span> <span class='ocrx_word' id='word_1_130' title='bbox 858 2467 902 2529; x_wconf 88' lang='lat' dir='ltr'><strong>ad</strong></span> <span class='ocrx_word' id='word_1_131' title='bbox 925 2484 1093 2542; x_wconf 88' lang='lat' dir='ltr'><strong>mensam,</strong></span> 
     </span>
     <span class='ocr_line' id='line_1_22' title="bbox 143 2563 1095 2647; baseline -0.002 -18"><span class='ocrx_word' id='word_1_132' title='bbox 143 2585 262 2629; x_wconf 90' lang='lat' dir='ltr'><strong>vocem</strong></span> <span class='ocrx_word' id='word_1_133' title='bbox 294 2565 409 2628; x_wconf 93' lang='lat' dir='ltr'><strong>subito</strong></span> <span class='ocrx_word' id='word_1_134' title='bbox 439 2565 474 2627; x_wconf 93' lang='lat' dir='ltr'><strong>in</strong></span> <span class='ocrx_word' id='word_1_135' title='bbox 502 2565 609 2628; x_wconf 91' lang='lat' dir='ltr'><strong>risum</strong></span> <span class='ocrx_word' id='word_1_136' title='bbox 639 2565 799 2628; x_wconf 86' lang='lat' dir='ltr'><strong>exaltans</strong></span> <span class='ocrx_word' id='word_1_137' title='bbox 828 2563 929 2627; x_wconf 88' lang='lat' dir='ltr'><strong>nimis</strong></span> <span class='ocrx_word' id='word_1_138' title='bbox 963 2574 1095 2647; x_wconf 88' lang='lat' dir='ltr'><strong>aperte,</strong></span> 
     </span>
     <span class='ocr_line' id='line_1_23' title="bbox 145 2663 1094 2745; baseline 0.001 -18"><span class='ocrx_word' id='word_1_139' title='bbox 145 2664 297 2728; x_wconf 91' lang='lat' dir='ltr'><strong>omnium</strong></span> <span class='ocrx_word' id='word_1_140' title='bbox 328 2665 362 2726; x_wconf 93' lang='lat' dir='ltr'><strong>in</strong></span> <span class='ocrx_word' id='word_1_141' title='bbox 387 2683 425 2726; x_wconf 90' lang='lat' dir='ltr'><strong>se</strong></span> <span class='ocrx_word' id='word_1_142' title='bbox 447 2664 565 2727; x_wconf 90' lang='lat' dir='ltr'><strong>oculos</strong></span> <span class='ocrx_word' id='word_1_143' title='bbox 592 2664 851 2727; x_wconf 88' lang='lat' dir='ltr'><strong>convivantium</strong></span> <span class='ocrx_word' id='word_1_144' title='bbox 879 2663 1094 2745; x_wconf 87' lang='lat' dir='ltr'><strong>provocavit.</strong></span> 
     </span>
     <span class='ocr_line' id='line_1_24' title="bbox 147 2762 1096 2844; baseline 0.001 -18"><span class='ocrx_word' id='word_1_145' title='bbox 147 2762 357 2826; x_wconf 90' lang='lat' dir='ltr'><strong>Mirantibus</strong></span> <span class='ocrx_word' id='word_1_146' title='bbox 385 2769 501 2825; x_wconf 90' lang='lat' dir='ltr'><strong>autem</strong></span> <span class='ocrx_word' id='word_1_147' title='bbox 524 2762 668 2839; x_wconf 89' lang='lat' dir='ltr'><strong>cunctis,</strong></span> <span class='ocrx_word' id='word_1_148' title='bbox 694 2763 786 2844; x_wconf 92' lang='lat' dir='ltr'><strong>quod</strong></span> <span class='ocrx_word' id='word_1_149' title='bbox 810 2762 886 2826; x_wconf 92' lang='lat' dir='ltr'><strong>sine</strong></span> <span class='ocrx_word' id='word_1_150' title='bbox 910 2781 1029 2839; x_wconf 85' lang='lat' dir='ltr'><strong>causa,</strong></span> <span class='ocrx_word' id='word_1_151' title='bbox 1056 2770 1096 2828; x_wconf 91' lang='lat' dir='ltr'><strong>ut</strong></span> 
     </span>
     <span class='ocr_line' id='line_1_25' title="bbox 146 2860 1097 2943; baseline 0.001 -19"><span class='ocrx_word' id='word_1_152' title='bbox 146 2862 326 2943; x_wconf 88' lang='lat' dir='ltr'><strong>putabant,</strong></span> <span class='ocrx_word' id='word_1_153' title='bbox 343 2861 487 2937; x_wconf 89' lang='lat' dir='ltr'><strong>risisset,</strong></span> <span class='ocrx_word' id='word_1_154' title='bbox 504 2880 582 2924; x_wconf 85' lang='lat' dir='ltr'><strong>cunr</strong></span> <span class='ocrx_word' id='word_1_155' title='bbox 596 2880 658 2923; x_wconf 85' lang='lat' dir='ltr'><strong>rex</strong></span> <span class='ocrx_word' id='word_1_156' title='bbox 676 2869 755 2943; x_wconf 92' lang='lat' dir='ltr'><strong>post</strong></span> <span class='ocrx_word' id='word_1_157' title='bbox 771 2860 952 2943; x_wconf 87' lang='lat' dir='ltr'><strong>prandium</strong></span> <span class='ocrx_word' id='word_1_158' title='bbox 965 2860 1002 2923; x_wconf 93' lang='lat' dir='ltr'><strong>in</strong></span> <span class='ocrx_word' id='word_1_159' title='bbox 1020 2861 1097 2925; x_wconf 87' lang='lat' dir='ltr'><strong>tha·</strong></span> 
     </span>
     <span class='ocr_line' id='line_1_26' title="bbox 145 2959 1096 3042; baseline 0.002 -19"><span class='ocrx_word' id='word_1_160' title='bbox 145 2961 274 3024; x_wconf 88' lang='lat' dir='ltr'><strong>larnum</strong></span> <span class='ocrx_word' id='word_1_161' title='bbox 304 2960 479 3024; x_wconf 88' lang='lat' dir='ltr'><strong>divertens</strong></span> <span class='ocrx_word' id='word_1_162' title='bbox 510 2960 600 3024; x_wconf 90' lang='lat' dir='ltr'><strong>inter</strong></span> <span class='ocrx_word' id='word_1_163' title='bbox 627 2959 808 3042; x_wconf 85' lang='lat' dir='ltr'><strong>pontifices</strong></span> <span class='ocrx_word' id='word_1_164' title='bbox 843 2967 879 3024; x_wconf 88' lang='lat' dir='ltr'><strong>et</strong></span> <span class='ocrx_word' id='word_1_165' title='bbox 915 2967 1096 3042; x_wconf 81' lang='lat' dir='ltr'><strong>magnates</strong></span> 
     </span>
     <span class='ocr_line' id='line_1_27' title="bbox 147 3058 1096 3140; baseline -0.002 -15"><span class='ocrx_word' id='word_1_166' title='bbox 147 3059 369 3134; x_wconf 88' lang='lat' dir='ltr'><strong>consedisset,</strong></span> <span class='ocrx_word' id='word_1_167' title='bbox 390 3058 462 3122; x_wconf 85' lang='lat' dir='ltr'><strong>dux</strong></span> <span class='ocrx_word' id='word_1_168' title='bbox 486 3059 665 3124; x_wconf 87' lang='lat' dir='ltr'><strong>Haroldus</strong></span> <span class='ocrx_word' id='word_1_169' title='bbox 688 3060 762 3140; x_wconf 85' lang='lat' dir='ltr'><strong>regi</strong></span> <span class='ocrx_word' id='word_1_170' title='bbox 784 3059 885 3136; x_wconf 84' lang='lat' dir='ltr'><strong>dixit,</strong></span> <span class='ocrx_word' id='word_1_171' title='bbox 908 3059 1022 3123; x_wconf 90' lang='lat' dir='ltr'><strong>‘Rem</strong></span> <span class='ocrx_word' id='word_1_172' title='bbox 1044 3060 1096 3123; x_wconf 91' lang='lat' dir='ltr'><strong>iu·</strong></span> 
     </span>
     <span class='ocr_line' id='line_1_28' title="bbox 148 3156 1096 3235; baseline 0.001 -14"><span class='ocrx_word' id='word_1_173' title='bbox 148 3159 298 3232; x_wconf 89' lang='lat' dir='ltr'><strong>solitam,</strong></span> <span class='ocrx_word' id='word_1_174' title='bbox 316 3156 453 3221; x_wconf 92' lang='lat' dir='ltr'><strong>domine</strong></span> <span class='ocrx_word' id='word_1_175' title='bbox 470 3179 544 3234; x_wconf 86' lang='lat' dir='ltr'><strong>rex,</strong></span> <span class='ocrx_word' id='word_1_176' title='bbox 560 3158 709 3223; x_wconf 88' lang='lat' dir='ltr'><strong>vidimus</strong></span> <span class='ocrx_word' id='word_1_177' title='bbox 732 3158 846 3235; x_wconf 90' lang='lat' dir='ltr'><strong>hodie,</strong></span> <span class='ocrx_word' id='word_1_178' title='bbox 863 3158 955 3222; x_wconf 91' lang='lat' dir='ltr'><strong>unde</strong></span> <span class='ocrx_word' id='word_1_179' title='bbox 977 3177 1096 3223; x_wconf 90' lang='lat' dir='ltr'><strong>omnes</strong></span> 
     </span>
     <span class='ocr_line' id='line_1_29' title="bbox 146 3257 1096 3339; baseline 0.002 -20"><span class='ocrx_word' id='word_1_180' title='bbox 146 3257 261 3319; x_wconf 90' lang='lat' dir='ltr'><strong>mirati</strong></span> <span class='ocrx_word' id='word_1_181' title='bbox 278 3275 408 3333; x_wconf 90' lang='lat' dir='ltr'><strong>sumus,</strong></span> <span class='ocrx_word' id='word_1_182' title='bbox 422 3257 505 3339; x_wconf 89' lang='lat' dir='ltr'><strong>quia</strong></span> <span class='ocrx_word' id='word_1_183' title='bbox 522 3264 556 3320; x_wconf 92' lang='lat' dir='ltr'><strong>te</strong></span> <span class='ocrx_word' id='word_1_184' title='bbox 572 3277 747 3339; x_wconf 89' lang='lat' dir='ltr'><strong>nunquam</strong></span> <span class='ocrx_word' id='word_1_185' title='bbox 765 3258 1008 3339; x_wconf 86' lang='lat' dir='ltr'><strong>conspeximus</strong></span> <span class='ocrx_word' id='word_1_186' title='bbox 1025 3266 1096 3323; x_wconf 90' lang='lat' dir='ltr'><strong>tam</strong></span> 
     </span>
     <span class='ocr_line' id='line_1_30' title="bbox 148 3356 1097 3437; baseline 0.002 -19"><span class='ocrx_word' id='word_1_187' title='bbox 148 3364 266 3437; x_wconf 91' lang='lat' dir='ltr'><strong>aperte</strong></span> <span class='ocrx_word' id='word_1_188' title='bbox 298 3356 489 3433; x_wconf 89' lang='lat' dir='ltr'><strong>ridentem,&#39;</strong></span> <span class='ocrx_word' id='word_1_189' title='bbox 512 3357 567 3418; x_wconf 93' lang='lat' dir='ltr'><strong>cui</strong></span> <span class='ocrx_word' id='word_1_190' title='bbox 599 3375 675 3432; x_wconf 86' lang='lat' dir='ltr'><strong>rex,</strong></span> <span class='ocrx_word' id='word_1_191' title='bbox 703 3357 820 3419; x_wconf 90' lang='lat' dir='ltr'><strong>‘Mira</strong></span> <span class='ocrx_word' id='word_1_192' title='bbox 844 3357 926 3434; x_wconf 89' lang='lat' dir='ltr'><strong>vidi,</strong></span> <span class='ocrx_word' id='word_1_193' title='bbox 955 3364 991 3420; x_wconf 90' lang='lat' dir='ltr'><strong>et</strong></span> <span class='ocrx_word' id='word_1_194' title='bbox 1019 3356 1097 3421; x_wconf 90' lang='lat' dir='ltr'><strong>ideo</strong></span> 
     </span>
     <span class='ocr_line' id='line_1_31' title="bbox 146 3452 1097 3539; baseline 0.003 -23"><span class='ocrx_word' id='word_1_195' title='bbox 146 3474 215 3518; x_wconf 90' lang='lat' dir='ltr'><strong>non</strong></span> <span class='ocrx_word' id='word_1_196' title='bbox 233 3453 307 3517; x_wconf 91' lang='lat' dir='ltr'><strong>sine</strong></span> <span class='ocrx_word' id='word_1_197' title='bbox 325 3472 433 3517; x_wconf 88' lang='lat' dir='ltr'><strong>causa</strong></span> <span class='ocrx_word' id='word_1_198' title='bbox 450 3452 532 3516; x_wconf 91' lang='lat' dir='ltr'><strong>risi.&#39;</strong></span> <span class='ocrx_word' id='word_1_199' title='bbox 583 3453 683 3518; x_wconf 88' lang='lat' dir='ltr'><strong>Tunc</strong></span> <span class='ocrx_word' id='word_1_200' title='bbox 706 3454 902 3520; x_wconf 86' lang='lat' dir='ltr'><strong>adsidentes</strong></span> <span class='ocrx_word' id='word_1_201' title='bbox 925 3475 1097 3539; x_wconf 87' lang='lat' dir='ltr'><strong>proceres,</strong></span> 
     </span>
     <span class='ocr_line' id='line_1_32' title="bbox 146 3553 1097 3637; baseline 0.003 -20"><span class='ocrx_word' id='word_1_202' title='bbox 146 3562 280 3617; x_wconf 91' lang='lat' dir='ltr'><strong>tantum</strong></span> <span class='ocrx_word' id='word_1_203' title='bbox 298 3554 409 3616; x_wconf 89' lang='lat' dir='ltr'><strong>virum</strong></span> <span class='ocrx_word' id='word_1_204' title='bbox 425 3553 467 3616; x_wconf 93' lang='lat' dir='ltr'><strong>de</strong></span> <span class='ocrx_word' id='word_1_205' title='bbox 482 3553 639 3619; x_wconf 87' lang='lat' dir='ltr'><strong>vanitate</strong></span> <span class='ocrx_word' id='word_1_206' title='bbox 653 3555 770 3618; x_wconf 90' lang='lat' dir='ltr'><strong>risisse</strong></span> <span class='ocrx_word' id='word_1_207' title='bbox 787 3575 854 3619; x_wconf 94' lang='lat' dir='ltr'><strong>non</strong></span> <span class='ocrx_word' id='word_1_208' title='bbox 870 3556 1097 3637; x_wconf 85' lang='lat' dir='ltr'><strong>suspicantes,</strong></span> 
     </span>
     <span class='ocr_line' id='line_1_33' title="bbox 147 3653 1098 3741; baseline 0.001 -24"><span class='ocrx_word' id='word_1_209' title='bbox 147 3661 328 3735; x_wconf 86' lang='lat' dir='ltr'><strong>coeperunt</strong></span> <span class='ocrx_word' id='word_1_210' title='bbox 343 3653 546 3736; x_wconf 89' lang='lat' dir='ltr'><strong>suppliciter</strong></span> <span class='ocrx_word' id='word_1_211' title='bbox 562 3654 659 3717; x_wconf 91' lang='lat' dir='ltr'><strong>illum</strong></span> <span class='ocrx_word' id='word_1_212' title='bbox 678 3673 813 3735; x_wconf 82' lang='lat' dir='ltr'><strong>rogare,</strong></span> <span class='ocrx_word' id='word_1_213' title='bbox 827 3662 866 3718; x_wconf 95' lang='lat' dir='ltr'><strong>ut</strong></span> <span class='ocrx_word' id='word_1_214' title='bbox 881 3655 1098 3741; x_wconf 84' lang='lat' dir='ltr'><strong>occasionem</strong></span> 
     </span>
     <span class='ocr_line' id='line_1_34' title="bbox 149 3752 1097 3835; baseline -0.002 -17"><span class='ocrx_word' id='word_1_215' title='bbox 149 3760 256 3818; x_wconf 86' lang='lat' dir='ltr'><strong>tantae</strong></span> <span class='ocrx_word' id='word_1_216' title='bbox 281 3752 413 3816; x_wconf 86' lang='lat' dir='ltr'><strong>laetitiae</strong></span> <span class='ocrx_word' id='word_1_217' title='bbox 433 3752 502 3816; x_wconf 90' lang='lat' dir='ltr'><strong>illis</strong></span> <span class='ocrx_word' id='word_1_218' title='bbox 526 3772 700 3835; x_wconf 88' lang='lat' dir='ltr'><strong>exponere</strong></span> <span class='ocrx_word' id='word_1_219' title='bbox 716 3753 929 3834; x_wconf 86' lang='lat' dir='ltr'><strong>dignaretur,</strong></span> <span class='ocrx_word' id='word_1_220' title='bbox 952 3762 999 3829; x_wconf 91' lang='lat' dir='ltr'><strong>et,</strong></span> <span class='ocrx_word' id='word_1_221' title='bbox 1019 3773 1097 3817; x_wconf 91' lang='lat' dir='ltr'><strong>cum</strong></span> 
     </span>
     <span class='ocr_line' id='line_1_35' title="bbox 149 3851 1099 3932; baseline 0.001 -18"><span class='ocrx_word' id='word_1_222' title='bbox 149 3851 267 3915; x_wconf 90' lang='lat' dir='ltr'><strong>multis</strong></span> <span class='ocrx_word' id='word_1_223' title='bbox 279 3852 436 3932; x_wconf 91' lang='lat' dir='ltr'><strong>precibus</strong></span> <span class='ocrx_word' id='word_1_224' title='bbox 453 3851 578 3915; x_wconf 92' lang='lat' dir='ltr'><strong>abillis</strong></span> <span class='ocrx_word' id='word_1_225' title='bbox 593 3862 733 3916; x_wconf 89' lang='lat' dir='ltr'><strong>coactus</strong></span> <span class='ocrx_word' id='word_1_226' title='bbox 749 3852 883 3929; x_wconf 84' lang='lat' dir='ltr'><strong>fuisset,</strong></span> <span class='ocrx_word' id='word_1_227' title='bbox 892 3851 953 3928; x_wconf 91' lang='lat' dir='ltr'><strong>ait,</strong></span> <span class='ocrx_word' id='word_1_228' title='bbox 972 3852 1099 3915; x_wconf 89' lang='lat' dir='ltr'><strong>‘Plus-</strong></span> 
     </span>
    </p>
   </div>
   <div class='ocr_carea' id='block_1_3' title="bbox 184 4040 1100 4131">
    <p class='ocr_par' dir='ltr' id='par_1_3' title="bbox 184 4040 1100 4131">
     <span class='ocr_line' id='line_1_36' title="bbox 184 4040 1100 4131; baseline 0 -15"><span class='ocrx_word' id='word_1_229' title='bbox 184 4067 234 4117; x_wconf 81' lang='lat' dir='ltr'><strong>&#39;ln</strong></span> <span class='ocrx_word' id='word_1_230' title='bbox 257 4069 299 4117; x_wconf 79' lang='lat' dir='ltr'><strong>boc</strong></span> <span class='ocrx_word' id='word_1_231' title='bbox 321 4067 421 4130; x_wconf 80' lang='lat' dir='ltr'><strong>denique</strong></span> <span class='ocrx_word' id='word_1_232' title='bbox 440 4068 526 4130; x_wconf 70' lang='lat' dir='ltr'><strong>rega]</strong></span> <span class='ocrx_word' id='word_1_233' title='bbox 563 4069 610 4117; x_wconf 84' lang='lat' dir='ltr'><strong>See</strong></span> <span class='ocrx_word' id='word_1_234' title='bbox 635 4069 674 4116; x_wconf 85' lang='lat' dir='ltr'><strong>dir</strong></span> <span class='ocrx_word' id='word_1_235' title='bbox 683 4068 806 4131; x_wconf 63' lang='lat' dir='ltr'><strong>Puera]</strong></span> <span class='ocrx_word' id='word_1_236' title='bbox 819 4068 872 4116; x_wconf 82' lang='lat' dir='ltr'><strong>The</strong></span> <span class='ocrx_word' id='word_1_237' title='bbox 880 4041 1011 4129; x_wconf 78' lang='lat' dir='ltr'><strong>following</strong></span> <span class='ocrx_word' id='word_1_238' title='bbox 1019 4040 1100 4116; x_wconf 81' lang='lat' dir='ltr'><strong>vision</strong></span> 
     </span>
    </p>
   </div>
   <div class='ocr_carea' id='block_1_4' title="bbox 148 4137 1100 4272">
    <p class='ocr_par' dir='ltr' id='par_1_4' title="bbox 148 4137 1100 4272">
     <span class='ocr_line' id='line_1_37' title="bbox 148 4137 1100 4199; baseline -0.003 -10"><span class='ocrx_word' id='word_1_239' title='bbox 148 4141 318 4199; x_wconf 77' lang='lat' dir='ltr'><strong>nlamsbury,</strong></span> <span class='ocrx_word' id='word_1_240' title='bbox 328 4154 355 4198; x_wconf 86' lang='lat' dir='ltr'><strong>p.</strong></span> <span class='ocrx_word' id='word_1_241' title='bbox 368 4141 424 4186; x_wconf 79' lang='grc'>385.</span> <span class='ocrx_word' id='word_1_242' title='bbox 635 4137 1100 4199; x_wconf 77' lang='lat' dir='ltr'><strong>isabridgedalsosromblulmsbury‚</strong></span> 
     </span>
     <span class='ocr_line' id='line_1_38' title="bbox 181 4206 730 4272; baseline -0.002 -13"><span class='ocrx_word' id='word_1_243' title='bbox 181 4209 283 4272; x_wconf 73' lang='lat' dir='ltr'><strong>’Apud</strong></span> <span class='ocrx_word' id='word_1_244' title='bbox 312 4206 561 4268; x_wconf 75' lang='lat' dir='ltr'><strong>ll&#39;estraonarterinm,</strong></span> <span class='ocrx_word' id='word_1_245' title='bbox 584 4207 610 4255; x_wconf 84' lang='lat' dir='ltr'><strong>in</strong></span> <span class='ocrx_word' id='word_1_246' title='bbox 635 4224 660 4269; x_wconf 88' lang='lat' dir='ltr'><strong>p.</strong></span> <span class='ocrx_word' id='word_1_247' title='bbox 674 4211 730 4258; x_wconf 72' lang='grc'><strong>877.</strong></span> 
     </span>
    </p>
   </div>
   <div class='ocr_carea' id='block_1_5' title="bbox 0 0 1467 4852">
    <p class='ocr_par' dir='ltr' id='par_1_5' title="bbox 0 0 1467 4852">
     <span class='ocr_line' id='line_1_39' title="bbox 0 0 1467 4852; baseline 0 0"><span class='ocrx_word' id='word_1_248' title='bbox 0 0 1467 4852; x_wconf 95' lang='lat' dir='ltr'><strong> </strong></span> 
     </span>
    </p>
   </div>
  </div>
 </body>
</html>
