2888 4852
437 429 578 479 rnonus
600 429 870 480 msroarsnou.
1063 413 1126 479 107

178 582 356 648 basilicam
382 583 530 650 festinus
555 587 669 652 viator
690 587 861 670 pervenit,
885 587 946 651 ubi
970 594 1043 653 tam
1069 588 1128 653 diu

178 700 284 764 super
295 683 500 750 infidelitate
512 693 550 750 et
562 705 679 751 errore
694 687 950 753 clementissimi
962 689 1128 771 principis

179 779 318 847 flevisse
343 785 522 863 asseritur,
547 804 728 871 quousque
755 795 856 852 nocte
884 789 1044 871 sequemi
1074 808 1129 852 re·

178 899 344 963 sponsum
357 885 549 968 accepisset
563 906 602 950 se
616 905 680 970 pro
696 886 852 970 Trajano
868 894 1003 952 tantum
1019 906 1129 952 exau·

179 979 290 1045 ditum
317 982 437 1063 fuisse,
461 985 514 1050 ita
541 994 582 1050 ut
610 1007 675 1070 pro
698 985 794 1051 nullo
818 987 964 1052 ulterius
991 1006 1129 1070 pagano

178 1099 299 1163 preces
327 1082 528 1151 effunderet.
579 1085 637 1150 Sic
664 1087 784 1169 itaque
810 1085 957 1171 Trajani
977 1088 1128 1152 animam

179 1181 225 1244 ab
241 1181 368 1247 interni
384 1186 594 1250 cruciatibus
616 1185 718 1250 crode
738 1186 932 1264 liberatam,
955 1194 994 1250 ut
1015 1188 1052 1251 in
1074 1187 1129 1250 in·

179 1278 277 1346 seruo
302 1284 418 1365 posits
440 1304 502 1367 per
518 1285 587 1350 Dei
613 1286 883 1350 misericordiam
909 1287 1034 1350 inferni
1059 1307 1129 1351 non

180 1381 312 1446 sentiat
344 1385 555 1466 cruciatnm3
588 1405 710 1469 nempe
744 1404 834 1449 unus
871 1393 906 1450 ct
939 1385 1030 1450 idem
1068 1406 1129 1467 ge·

180 1479 305 1547 hennae
321 1483 414 1565 ignis
431 1491 466 1548 ot
481 1485 512 1548 si
527 1484 654 1550 multos
668 1485 764 1552 valet
784 1493 985 1568 peccatores
999 1486 1131 1568 pariter

181 1580 347 1660 detinere,
375 1603 438 1665 per
467 1584 536 1649 Dei
560 1585 735 1671 justitiam
765 1604 834 1649 nou
867 1604 986 1649 omnes
1015 1592 1131 1666 potest

182 1681 309 1763 equali
323 1701 429 1765 poena
445 1685 567 1766 punire
582 1704 591 1763 3
616 1703 695 1748 nam
713 1684 899 1748 secundum
917 1684 1034 1748 delicti
1055 1704 1131 1749 mo·

181 1778 263 1843 dum
300 1782 426 1846 animae
464 1783 501 1846 in
537 1783 695 1866 gehenna
733 1783 890 1847 sentiunt
925 1785 1129 1849 cruciatum.

182 1878 282 1962 Opus
308 1882 462 1963 pietatis,
482 1902 546 1965 per
562 1882 655 1966 quod
673 1882 849 1967 Trajanus
863 1883 978 1947 Deum
1000 1890 1036 1947 et
1052 1885 1130 1947 bea·

180 1986 255 2043 tum
277 1988 412 2064 patrem
434 1981 643 2066 Gregorium
664 1981 851 2047 commovit
875 1982 921 2046 ad
940 1983 1132 2047 misericor·

184 2077 277 2143 diam
307 2080 372 2145 hoc
400 2081 488 2162 fuit;
521 2081 682 2161 Quodam
718 2090 873 2165 tempore
900 2081 1053 2166 Trajano
1086 2083 1131 2146 ad

182 2177 263 2242 belii
276 2181 491 2263 procinctum
509 2182 806 2247 vehementissime
819 2181 1017 2259 festinante,
1025 2182 1132 2246 vidua

181 2279 341 2361 quasdam
358 2281 577 2347 foeminarum
598 2282 818 2365 pauperrima
835 2281 878 2344 ad
901 2301 980 2345 eum
996 2282 1132 2366 lachry-

182 2378 248 2442 mis
268 2379 438 2445 dissoluta
468 2383 615 2447 accessit
640 2382 770 2460 dicens,
791 2381 928 2445 ‘Filius
954 2400 1063 2460 meus,
1094 2389 1129 2445 te

183 2477 386 2561 imperante,
403 2481 567 2546 innocens
593 2490 793 2565 peremptus
818 2486 894 2560 θεῖς
924 2481 1067 2546 obsecro
1090 2488 1129 2545 ut

183 2578 265 2660 quia
293 2578 391 2644 illum
420 2581 504 2644 mihi
530 2581 673 2646 reddere
695 2601 765 2645 non
791 2580 899 2657 vales,
924 2582 1129 2662 sanguinem

183 2677 259 2760 ejus
283 2677 441 2762 legaiiter
453 2681 629 2746 vindicare
643 2680 819 2762 digneris!
870 2680 1027 2764 Cumque
1042 2680 1131 2745 Tra·

179 2776 297 2861 janus,
323 2779 354 2842 si
378 2799 482 2845 sanus
505 2788 736 2845 reverteretur
757 2779 800 2843 de
822 2780 954 2863 praelio,
979 2780 1070 2844 hunc
1091 2799 1130 2844 se

184 2876 438 2943 vindicaturum
457 2880 685 2964 promitteret,
702 2879 807 2944 vidua
830 2879 932 2956 dixit,
949 2878 1017 2943 ‘Et
1038 2881 1068 2944 si
1091 2887 1130 2944 tu

185 2975 220 3039 in
232 2977 354 3059 praelio
368 2987 525 3045 mortuus
536 2979 654 3058 fueris,
662 2979 742 3063 quis
753 2978 836 3042 mihi
846 2979 1020 3063 justitiam
1030 2979 1130 3043 exhi·

185 3076 278 3142 babit
288 3076 319 3141 t’
341 3077 515 3162 Trajanus
528 3079 739 3162 respondit,‘
752 3078 819 3142 Ille
830 3079 890 3162 qui
905 3086 985 3160 post
994 3099 1049 3143 me
1065 3080 1129 3143 im·

187 3176 353 3258 perabit3'
369 3185 406 3242 et
420 3178 493 3257 illa,
507 3184 517 3214 ‘
530 3178 624 3258 Quid
639 3179 703 3243 tibi
719 3178 873 3262 proderit
889 3179 920 3242 si
936 3178 1025 3242 alter
1047 3178 1130 3242 mihi

180 3273 353 3359 justitiam
369 3276 526 3342 seceritt'
575 3277 751 3363 Trajanns
771 3277 960 3360 respondit,
978 3279 1131 3362 ‘Utique

185 3375 303 3455 nihi13'
319 3384 354 3440 et
368 3377 486 3454 vidua,
500 3381 511 3411 ‘
525 3376 673 3457 Nonne,’
689 3379 814 3461 inquit,
832 3378 972 3442 ‘melius
988 3378 1052 3442 tibi
1065 3386 1130 3456 cst,

185 3481 224 3538 ut
246 3482 286 3538 tu
305 3476 389 3540 mihi
408 3476 582 3562 justitiam
605 3477 713 3544 iacias
727 3485 764 3542 et
776 3497 840 3559 pro
860 3478 925 3541 hoo
939 3478 1130 3542 mercedem

184 3580 280 3637 tuam
304 3577 464 3659 recipias,
486 3595 590 3660 quam
619 3578 718 3642 alteri
750 3578 840 3641 hano
873 3575 1130 3642 transmittast'

184 3671 284 3739 'l'unc
298 3674 486 3761 Trajanus,
499 3677 634 3742 ratione
654 3677 756 3741 simul
775 3695 816 3741 ac
832 3677 963 3759 pietate
978 3696 1130 3742 commo·

186 3779 255 3850 tus,
271 3794 361 3858 equo
377 3775 568 3855 descendit,
579 3796 642 3841 nec
659 3784 763 3841 antea
777 3777 935 3841 discessit
948 3796 1054 3858 quam
1070 3777 1130 3861 ju·

184 3870 310 3938 dicium
326 3874 443 3939 viduae
468 3883 504 3941 et
529 3875 736 3942 sententiam
758 3875 982 3940 demandaret
1003 3895 1131 3941 execu-

185 3971 282 4038 tioni.
334 3972 406 4038 Pro
432 3974 497 4040 hac
518 3983 635 4040 autem
658 3976 921 4040 mansuetudine
942 3983 977 4039 et
999 3975 1132 4039 exhibi-

183 4070 276 4136 tione
287 4073 436 4157 justitiae
452 4094 473 4139 a
487 4075 601 4158 poenis
617 4075 841 4140 infernalibus
855 4095 917 4158 por
936 4075 1132 4157 lachrymas

185 4171 276 4237 beati
297 4174 407 4257 patris
422 4174 597 4257 Gregorii,
611 4176 810 4258 quingentis
832 4181 1073 4257 postmortem
1095 4179 1131 4236 et
