2888 4852
196 617 257 656 lande
266 619 288 656 at

195 668 315 716 sasamon,

358 423 402 487 74
608 442 743 491 noonnr
767 443 815 490 nn
838 441 1047 491 wunnovnn

358 600 500 665 natione
515 600 733 665 Britanniam
747 601 902 679 veniens,
915 601 951 664 in
968 601 1102 685 Rutupi
1115 608 1232 685 portu,
1247 603 1308 685 qui

358 700 459 765 modo
491 700 710 765 Sandwicum
742 700 879 778 dicitur,
906 702 1082 785 applicare
1113 702 1307 785 disposuit;

348 801 412 865 ‚cui
438 802 627 884 applicanti
655 800 844 865 Modredus
866 803 1019 865 maxima
1045 802 1197 885 stipatus
1218 802 1308 865 mul·

357 901 506 966 titudine
530 902 688 978 obvians,
716 909 869 984 stragem
899 921 968 966 non
995 903 1171 966 minimam
1195 902 1308 985 appli-

357 1003 517 1066 cantibus
532 1001 646 1081 dcdit;
671 995 891 1066 ¹corrucrunt
911 1003 1002 1067 enim
1026 1003 1063 1066 in
1083 1003 1146 1066 illa
1163 1003 1219 1066 die
1231 1000 1305 1066 An·

356 1102 498 1184 guselus
512 1122 575 1167 rex
591 1100 764 1180 Albaniae,
779 1109 815 1166 et
830 1101 1064 1185 Wulguanius
1081 1121 1190 1186 nepos
1211 1103 1305 1185 regis

355 1222 433 1266 cum
451 1202 756 1266 innumerabilibus
779 1202 869 1266 aliis.
921 1201 989 1266 Sed
1006 1203 1145 1268 tandem
1160 1222 1239 1267 cum
1254 1203 1308 1268 la-

355 1303 438 1367 bore
449 1304 602 1368 maximo
613 1301 787 1367 Arthurns
801 1322 878 1366 cum
892 1303 965 1366 suis
976 1303 1164 1388 applicuit;
1181 1303 1307 1368 deinde

355 1403 473 1467 hostes
496 1404 621 1467 acriter
637 1403 816 1481 invadens,
835 1402 1041 1468 Modredum
1056 1411 1091 1469 et
1106 1403 1182 1488 ejus
1206 1423 1307 1468 exer·

353 1504 473 1582 citum,
498 1523 569 1568 non
585 1503 804 1568 mediocriter
824 1503 1026 1582 laceratum,
1049 1501 1086 1567 in
1105 1503 1225 1586 fugam
1246 1523 1305 1569 co·

355 1604 444 1686 egit3
461 1605 522 1686 qui
537 1605 622 1681 suis,
634 1612 673 1668 ut
688 1605 814 1687 potuit,
829 1605 1009 1669 resociatis
1025 1612 1128 1669 nocte
1143 1606 1304 1687 sequenti

355 1703 571 1769 Wintoniam
596 1705 773 1786 ingressus
793 1712 858 1769 est.
910 1702 1067 1786 Cumque
1089 1705 1159 1769 ista
1183 1703 1305 1769 Guen·

354 1804 507 1869 humanae
524 1805 654 1887 reginae
677 1806 836 1869 nuntiata
854 1803 1013 1884 luissent,
1031 1804 1076 1869 ad
1097 1805 1217 1868 urbem
1236 1804 1304 1869 Le·

354 1906 495 1986 gionum
512 1911 715 1970 constanter
738 1904 887 1987 aufugit,
904 1912 1009 1987 atque
1034 1905 1071 1969 in
1093 1906 1305 1970 monasterio

338 2004 445 2069 ·Julii
469 2005 631 2090 martyris
656 2005 748 2069 inter
762 2004 928 2069 moniales
950 2005 1104 2070 habitum
1126 2005 1304 2089 religionis

352 2106 516 2188 suscepit.
567 2103 744 2170 Arthurus
760 2125 844 2170 vero
865 2105 1071 2170 furibundus
1087 2105 1304 2172 Wintoniam

352 2215 555 2289 properans,
573 2205 780 2270 Modredum
802 2205 893 2269 infra
914 2205 1058 2270 eandem
1077 2205 1152 2289 jam
1167 2207 1304 2272 obsedit

352 2306 567 2388 ingressum3
598 2325 700 2370 mane
728 2315 843 2370 autem
870 2305 976 2383 sacto,
1008 2307 1204 2388 agminibus
1233 2307 1304 2371 dis-

280 2400 286 2412 ’
352 2408 488 2490 positisr,
528 2406 717 2472 Modredus
764 2405 940 2470 civitatem
986 2425 1147 2494 aggessus
1186 2427 1303 2489 regem

353 2508 480 2571 acriter
495 2507 635 2571 invasit.
688 2506 799 2570 Facto
816 2513 870 2570 est
882 2513 997 2571 autem
1019 2527 1064 2571 ex
1081 2508 1301 2573 obstantibus

353 2606 466 2671 caedes
489 2626 559 2670 non
580 2607 735 2685 minima,
750 2607 810 2670 sed
832 2606 1022 2671 Modredus
1042 2607 1180 2671 tandem
1206 2627 1301 2672 oam-

353 2727 435 2790 pum
462 2707 623 2772 deserens
653 2726 774 2771 versus
804 2705 1015 2771 Cornubiam
1044 2709 1112 2772 iter
1141 2709 1300 2791 arripuit.

353 2806 529 2871 Arthurus
555 2809 674 2891 itaque
696 2807 794 2871 illum
816 2806 1005 2886 insecutus,
1026 2827 1131 2890 super
1155 2800 1302 2872 'flumen

354 2906 524 2972 Camblan
556 2906 763 2972 Modredum
798 2907 955 2986 invenit3
991 2915 1029 2971 at
1053 2908 1124 2986 ille,
1155 2916 1195 2973 ut
1226 2917 1301 2974 erat

353 3007 528 3073 hominum
551 3008 814 3084 audacissimus,
831 3008 981 3072 catervis
994 3007 1170 3091 dispositis
1192 3010 1229 3073 in
1251 3029 1302 3074 re-

353 3129 431 3191 gem
447 3116 483 3173 et
497 3107 573 3193 ejus
596 3109 787 3173 exercitum
810 3107 977 3172 audacter
1000 3108 1112 3187 irruit,
1128 3110 1217 3173 mori
1240 3129 1302 3193 po-

353 3210 423 3273 tius
441 3209 607 3273 affectans
623 3227 726 3292 quarn
752 3208 902 3290 amplius
926 3207 1084 3273 hostibus
1103 3217 1203 3293 terga
1220 3209 1304 3275 dare

352 3308 533 3392 fugitivus.
586 3308 759 3391 Denique,
785 3309 855 3372 illis
877 3309 957 3372 hinc
979 3308 1129 3392 indeque
1157 3329 1301 3374 concur-

386 3550 559 3602 ¹Corruerunt
570 3552 634 3601 enim
647 3551 673 3600 in
691 3551 734 3599 illu
752 3550 813 3614 dia]
838 3549 868 3599 ot
875 3551 1004 3614 Angussel
1015 3566 1080 3612 was,
1090 3553 1111 3601 it
1127 3552 1150 3601 is
1166 3554 1233 3617 said,
1249 3570 1304 3606 car·

350 3623 405 3672 'l'be
424 3637 498 3672 scene
516 3622 545 3671 ol
559 3622 610 3671 this
631 3622 715 3671 action
737 3623 760 3670 is
779 3621 814 3681 by
838 3621 893 3670 ried
922 3623 974 3672 into
1001 3622 1130 3686 scotland,
1157 3624 1208 3673 md
1232 3627 1302 3678 tbere

352 3693 449 3743 leland
465 3692 519 3742 laid
537 3698 563 3742 at
576 3693 671 3751 Dover,
680 3692 765 3741 where
782 3690 813 3740 be
838 3692 938 3742 buried

351 3765 406 3813 also
424 3763 559 3812 concludes
575 3763 630 3812 that
640 3763 768 3823 Wnlwyn,
786 3776 815 3810 or

351 3834 487 3896 Gawaiue,
498 3833 617 3882 Artbur's
631 3833 749 3894 nephevr,
759 3845 814 3881 was
874 3827 885 3858 ¹
907 3831 1009 3880 flumen
1034 3831 1177 3899 canullan]
1205 3833 1302 3885 Leland

350 3904 451 3954 buried.
498 3904 612 3952 William
645 3903 815 3963 Malmsbury,
838 3901 912 3951 tales
930 3906 1001 3964 grem
1019 3903 1093 3964 pains
1109 3907 1135 3952 to
1153 3919 1231 3966 prove
1250 3905 1301 3956 tbis

350 3975 478 4034 however,
496 3979 590 4023 asserta
601 3973 655 4022 that
667 3971 814 4023 Gawaine's
839 3973 905 4020 river
923 3976 949 4021 to
968 3972 1032 4021 bave
1052 3973 1115 4021 been
1126 3973 1168 4024 the
1180 3975 1257 4037 Alau,
1273 3991 1303 4026 or

351 4046 419 4094 tomb
430 4059 485 4093 was
503 4043 651 4092 discovered
668 4044 694 4092 in
707 4047 770 4092 1087
788 4043 814 4090 in
840 4041 1003 4104 camb-alan,
1013 4058 1042 4091 or
1053 4043 1150 4106 Camel,
1160 4060 1222 4094 near
1232 4047 1303 4096 Pad-

352 4116 427 4176 lioss‚
446 4129 513 4177 upon
532 4114 575 4162 the
594 4119 730 4174 sea-coast,
747 4113 815 4162 sour-
839 4118 913 4174 stow,
930 4113 955 4161 in
969 4113 1106 4163 Cornwall.
1140 4117 1239 4166 Assert
1250 4117 1301 4167 Ar·

350 4191 406 4235 tren
419 4185 469 4235 leet
480 4186 505 4233 in
516 4183 612 4244 length.
648 4183 814 4244 Seebeland,
839 4188 889 4232 tur.
906 4198 932 4243 p.
952 4187 992 4232 st.
1035 4184 1083 4234 See
1101 4183 1156 4236 also
1175 4186 1299 4252 camden,

351 4259 449 4307 Assert.
460 4256 547 4305 Artur.
559 4271 586 4317 p.
599 4258 639 4305 37.
673 4254 727 4304 'l’be
745 4254 812 4316 body
839 4255 857 4303 i.
869 4270 895 4316 p.
909 4257 965 4304 154.
