2888 4852
621 959 1056 1044 PROLOGUS

509 1179 563 1239 IN
599 1178 810 1239 LIBRUM
847 1175 1160 1237 SECUNDUM.

411 1575 529 1640 Lrnnrr
549 1573 653 1658 hujus
669 1574 783 1657 operis
799 1573 982 1650 secundus,
997 1572 1040 1636 de
1058 1579 1212 1654 tempore
1227 1589 1309 1653 gra·

359 1675 418 1739 tiae
433 1675 625 1752 ordinatus,
637 1674 680 1738 de
691 1672 876 1739 nativitate
890 1675 965 1756 agit
979 1672 1171 1737 Salvatoris
1182 1671 1305 1748 nostri,

358 1782 394 1838 et
408 1775 451 1839 de
464 1774 530 1838 biis
544 1794 622 1858 quae
639 1775 747 1856 gessit
760 1775 796 1837 in
808 1793 924 1850 carne,
944 1782 1049 1856 atque
1067 1772 1306 1837 devocatione

359 1874 608 1957 apostolorum,
634 1881 669 1937 et
696 1874 825 1938 sanctis
854 1874 922 1938 Dei
945 1873 981 1936 in
1007 1872 1204 1938 caelestibus
1229 1871 1305 1956 jam

358 1973 574 2055 glorificatis,
599 1993 660 2056 per
692 1992 802 2038 annos
831 1972 1079 2038 incarnationis
1108 1972 1305 2049 distinctus,

358 2072 456 2137 nullo
479 2074 711 2156 praetermisso
735 2093 843 2157 usque
869 2073 914 2137 ad
939 2082 1096 2156 tempora
1114 2079 1247 2150 nostra,
1269 2071 1304 2134 in

357 2192 447 2255 quos
463 2175 563 2256 quasi
587 2174 780 2238 seculorum
808 2174 894 2238 fines
919 2174 1144 2251 devenerunt,
1158 2172 1195 2236 in
1222 2191 1306 2255 quo

357 2292 434 2336 rum
450 2274 665 2339 revolutione
681 2273 901 2357 prosequitur
916 2273 959 2338 de
975 2273 1145 2338 Romanis
1166 2272 1306 2354 pontifi·

356 2372 454 2436 cibus
469 2379 505 2437 et
520 2374 786 2457 imperatoribus
807 2374 988 2438 universis.
1033 2370 1120 2456 Agit
1135 2373 1240 2437 etiam
1262 2371 1306 2436 de

273 2532 277 2541 .
357 2471 638 2557 archiepiscopis,
651 2474 834 2556 episcopis,
850 2480 886 2537 et
900 2474 1036 2538 caeteris
1050 2471 1204 2538 ecclesiae
1218 2491 1308 2555 prae·

355 2571 449 2651 latis,
460 2574 599 2656 regibus
612 2593 653 2637 ac
668 2574 893 2656 principibus,
902 2573 1004 2636 simul
1020 2579 1055 2637 et
1069 2572 1147 2636 aliis
1162 2590 1305 2654 magna-

356 2671 462 2751 tibus,
487 2691 673 2756 eorumque
697 2674 858 2756 operibus
885 2674 985 2737 bonis
1011 2674 1085 2737 sive
1110 2671 1221 2750 malis,
1244 2672 1305 2755 qui

356 2791 420 2854 pro
436 2780 590 2856 tempore
607 2772 745 2837 fuerunt
759 2775 795 2837 in
811 2773 1009 2855 regionibus
1024 2772 1181 2838 diversis.
1217 2771 1305 2854 Agit

355 2871 496 2956 insuper
531 2872 574 2937 de
598 2874 702 2938 variis
733 2873 930 2938 mortalium
962 2873 1112 2951 casibus,
1137 2871 1304 2955 prodigiis

356 2973 461 3036 otiam
489 2980 525 3037 et
557 2975 740 3056 portentis,
765 2975 890 3058 quibus
920 2975 972 3037 ira
1002 2973 1071 3038 Dei
1101 2972 1304 3036 mortalibus

355 3081 654 3153 praemonstratur,
680 3080 933 3156 quatenusper
957 3072 1031 3137 baec
1058 3073 1304 3155 praecurrentia

355 3170 449 3235 mela
474 3174 647 3255 perterriti
662 3173 705 3237 ad
727 3173 879 3237 lamenta
904 3173 1118 3255 poenitentiae
1140 3178 1176 3236 et
1195 3191 1303 3236 reme·

354 3269 449 3334 dium
463 3271 710 3337 satisfactionis
727 3272 903 3349 festinent,
920 3271 1117 3356 exemplum
1139 3272 1182 3336 de
1201 3272 1301 3337 bonis

354 3370 399 3433 ab
415 3371 607 3437 imitatione
620 3373 809 3451 trabentes,
825 3379 860 3436 et
879 3373 1116 3439 renuntiantes
1139 3372 1299 3455 operibus

353 3488 603 3551 perversorum.

526 3735 697 3783 EXPLICIT
720 3734 907 3785 PROLOGUS
931 3731 1132 3783 SECUNDUS.
