<?xml version="1.0" encoding="UTF-8"?>
<!DOCTYPE html PUBLIC "-//W3C//DTD XHTML 1.0 Transitional//EN"
    "http://www.w3.org/TR/xhtml1/DTD/xhtml1-transitional.dtd">
<html xmlns="http://www.w3.org/1999/xhtml" xml:lang="en" lang="en">
 <head>
  <title>
</title>
<meta http-equiv="Content-Type" content="text/html;charset=utf-8" />
  <meta name='ocr-system' content='tesseract 3.04.00' />
  <meta name='ocr-capabilities' content='ocr_page ocr_carea ocr_par ocr_line ocrx_word'/>
</head>
<body>
  <div class='ocr_page' id='page_1' title='image "./rogeridewendove04rogegoog_0388.png"; bbox 0 0 2888 4852; ppageno 0'>
   <div class='ocr_carea' id='block_1_1' title="bbox 418 412 1110 477">
    <p class='ocr_par' dir='ltr' id='par_1_1' title="bbox 418 412 1110 477">
     <span class='ocr_line' id='line_1_1' title="bbox 418 412 1110 477; baseline 0.01 -7"><span class='ocrx_word' id='word_1_1' title='bbox 418 423 556 472; x_wconf 82' lang='lat' dir='ltr'><strong>rconns</strong></span> <span class='ocrx_word' id='word_1_2' title='bbox 580 423 849 474; x_wconf 77' lang='lat' dir='ltr'><strong>nisronmnon.</strong></span> <span class='ocrx_word' id='word_1_3' title='bbox 1043 412 1110 477; x_wconf 77' lang='lat'><strong>345</strong></span> 
     </span>
    </p>
   </div>
   <div class='ocr_carea' id='block_1_2' title="bbox 185 654 1094 742">
    <p class='ocr_par' dir='ltr' id='par_1_2' title="bbox 185 654 1094 742">
     <span class='ocr_line' id='line_1_2' title="bbox 185 654 1094 742; baseline 0.003 -24"><span class='ocrx_word' id='word_1_4' title='bbox 185 654 227 720; x_wconf 85' lang='lat' dir='ltr'><strong>Ut</strong></span> <span class='ocrx_word' id='word_1_5' title='bbox 243 675 297 720; x_wconf 79' lang='lat' dir='ltr'><strong>roc</strong></span> <span class='ocrx_word' id='word_1_6' title='bbox 310 655 465 742; x_wconf 81' lang='lat' dir='ltr'><strong>Alsrcdos</strong></span> <span class='ocrx_word' id='word_1_7' title='bbox 480 655 691 722; x_wconf 70' lang='lat' dir='ltr'><strong><em>monarchiam</em></strong></span> <span class='ocrx_word' id='word_1_8' title='bbox 704 656 829 742; x_wconf 68' lang='lat' dir='ltr'><strong>Aeolio</strong></span> <span class='ocrx_word' id='word_1_9' title='bbox 843 656 973 742; x_wconf 77' lang='lat' dir='ltr'><strong>adeptos</strong></span> <span class='ocrx_word' id='word_1_10' title='bbox 978 656 1094 742; x_wconf 72' lang='lat' dir='ltr'><strong>fcerit.</strong></span> 
     </span>
    </p>
   </div>
   <div class='ocr_carea' id='block_1_3' title="bbox 159 778 1270 3421">
    <p class='ocr_par' dir='ltr' id='par_1_3' title="bbox 159 778 1270 3421">
     <span class='ocr_line' id='line_1_3' title="bbox 209 778 1230 864; baseline 0.003 -22"><span class='ocrx_word' id='word_1_11' title='bbox 209 778 315 845; x_wconf 86' lang='lat' dir='ltr'><strong>Anno</strong></span> <span class='ocrx_word' id='word_1_12' title='bbox 331 781 472 845; x_wconf 90' lang='lat' dir='ltr'><strong>Domini</strong></span> <span class='ocrx_word' id='word_1_13' title='bbox 489 797 744 845; x_wconf 78' lang='lat' dir='ltr'><strong>occcuxxxvl.</strong></span> <span class='ocrx_word' id='word_1_14' title='bbox 758 800 821 844; x_wconf 85' lang='lat' dir='ltr'><strong>rex</strong></span> <span class='ocrx_word' id='word_1_15' title='bbox 837 779 1012 858; x_wconf 85' lang='lat' dir='ltr'><strong>Alfredus,</strong></span> <span class='ocrx_word' id='word_1_16' title='bbox 1029 789 1109 864; x_wconf 89' lang='lat' dir='ltr'><strong>post</strong></span> <span class='ocrx_word' id='word_1_17' title='bbox 1120 804 1175 846; x_wconf 72' lang='lat' dir='ltr'><strong>no.</strong></span> <span class='ocrx_word' id='word_1_18' title='bbox 1185 806 1230 846; x_wconf 81' lang='lat' dir='ltr'><strong>co.</strong></span> 
     </span>
     <span class='ocr_line' id='line_1_4' title="bbox 160 856 1270 963; baseline 0.005 -22"><span class='ocrx_word' id='word_1_19' title='bbox 160 879 319 943; x_wconf 87' lang='lat' dir='ltr'><strong>incendia</strong></span> <span class='ocrx_word' id='word_1_20' title='bbox 353 881 489 944; x_wconf 90' lang='lat' dir='ltr'><strong>urbium</strong></span> <span class='ocrx_word' id='word_1_21' title='bbox 517 889 553 944; x_wconf 91' lang='lat' dir='ltr'><strong>et</strong></span> <span class='ocrx_word' id='word_1_22' title='bbox 579 886 714 962; x_wconf 79' lang='lat' dir='ltr'><strong>strages</strong></span> <span class='ocrx_word' id='word_1_23' title='bbox 747 880 968 944; x_wconf 85' lang='lat' dir='ltr'><strong>multimodas</strong></span> <span class='ocrx_word' id='word_1_24' title='bbox 997 856 1270 963; x_wconf 34' lang='lat' dir='ltr'><strong>popu-liiii&amp;</strong></span> 
     </span>
     <span class='ocr_line' id='line_1_5' title="bbox 160 973 1109 1063; baseline 0.004 -23"><span class='ocrx_word' id='word_1_25' title='bbox 160 976 284 1056; x_wconf 87' lang='lat' dir='ltr'><strong>lorum,</strong></span> <span class='ocrx_word' id='word_1_26' title='bbox 300 973 492 1045; x_wconf 87' lang='lat' dir='ltr'><strong>¹civitatcm</strong></span> <span class='ocrx_word' id='word_1_27' title='bbox 509 979 778 1057; x_wconf 87' lang='lat' dir='ltr'><strong>Londoniarum,</strong></span> <span class='ocrx_word' id='word_1_28' title='bbox 792 999 872 1063; x_wconf 86' lang='lat' dir='ltr'><strong>quoe</strong></span> <span class='ocrx_word' id='word_1_29' title='bbox 889 988 995 1063; x_wconf 88' lang='lat' dir='ltr'><strong>caput</strong></span> <span class='ocrx_word' id='word_1_30' title='bbox 1011 981 1109 1062; x_wconf 78' lang='lat' dir='ltr'><strong>regni</strong></span> 
     </span>
     <span class='ocr_line' id='line_1_6' title="bbox 159 1076 1108 1160; baseline 0.004 -22"><span class='ocrx_word' id='word_1_31' title='bbox 159 1076 237 1154; x_wconf 82' lang='lat' dir='ltr'><strong>fuit,</strong></span> <span class='ocrx_word' id='word_1_32' title='bbox 251 1079 429 1143; x_wconf 86' lang='lat' dir='ltr'>obsidione</span> <span class='ocrx_word' id='word_1_33' title='bbox 446 1078 603 1156; x_wconf 87' lang='lat' dir='ltr'><strong>vallavit,</strong></span> <span class='ocrx_word' id='word_1_34' title='bbox 619 1080 679 1142; x_wconf 93' lang='lat' dir='ltr'><strong>uhi</strong></span> <span class='ocrx_word' id='word_1_35' title='bbox 695 1099 813 1143; x_wconf 88' lang='lat' dir='ltr'><strong>omnes</strong></span> <span class='ocrx_word' id='word_1_36' title='bbox 829 1077 1024 1160; x_wconf 79' lang='lat' dir='ltr'><strong>Anglorum</strong></span> <span class='ocrx_word' id='word_1_37' title='bbox 1046 1098 1108 1142; x_wconf 85' lang='lat' dir='ltr'><strong>ua·</strong></span> 
     </span>
     <span class='ocr_line' id='line_1_7' title="bbox 161 1176 1109 1262; baseline 0.003 -23"><span class='ocrx_word' id='word_1_38' title='bbox 161 1176 272 1240; x_wconf 87' lang='lat' dir='ltr'><strong>tiones</strong></span> <span class='ocrx_word' id='word_1_39' title='bbox 294 1177 339 1241; x_wconf 86' lang='lat' dir='ltr'><strong>ad</strong></span> <span class='ocrx_word' id='word_1_40' title='bbox 367 1179 479 1261; x_wconf 90' lang='lat' dir='ltr'><strong>ipsum</strong></span> <span class='ocrx_word' id='word_1_41' title='bbox 506 1177 720 1242; x_wconf 88' lang='lat' dir='ltr'><strong>confluentes</strong></span> <span class='ocrx_word' id='word_1_42' title='bbox 744 1178 992 1262; x_wconf 88' lang='lat' dir='ltr'><strong>subjectionem</strong></span> <span class='ocrx_word' id='word_1_43' title='bbox 1018 1177 1109 1242; x_wconf 83' lang='lat' dir='ltr'><strong>iece-</strong></span> 
     </span>
     <span class='ocr_line' id='line_1_8' title="bbox 162 1276 1109 1360; baseline 0.004 -23"><span class='ocrx_word' id='word_1_44' title='bbox 162 1283 264 1355; x_wconf 82' lang='lat' dir='ltr'><strong>runt3</strong></span> <span class='ocrx_word' id='word_1_45' title='bbox 298 1296 376 1340; x_wconf 84' lang='lat' dir='ltr'><strong>uam</strong></span> <span class='ocrx_word' id='word_1_46' title='bbox 409 1278 505 1360; x_wconf 89' lang='lat' dir='ltr'><strong>prius</strong></span> <span class='ocrx_word' id='word_1_47' title='bbox 536 1276 682 1358; x_wconf 89' lang='lat' dir='ltr'><strong>dispersi</strong></span> <span class='ocrx_word' id='word_1_48' title='bbox 706 1277 843 1341; x_wconf 86' lang='lat' dir='ltr'><strong>fuerant</strong></span> <span class='ocrx_word' id='word_1_49' title='bbox 866 1296 928 1359; x_wconf 89' lang='lat' dir='ltr'><strong>per</strong></span> <span class='ocrx_word' id='word_1_50' title='bbox 949 1278 1028 1341; x_wconf 87' lang='lat' dir='ltr'><strong>loca</strong></span> <span class='ocrx_word' id='word_1_51' title='bbox 1051 1276 1109 1341; x_wconf 91' lang='lat' dir='ltr'><strong>de·</strong></span> 
     </span>
     <span class='ocr_line' id='line_1_9' title="bbox 162 1375 1108 1458; baseline 0.005 -22"><span class='ocrx_word' id='word_1_52' title='bbox 162 1381 255 1438; x_wconf 85' lang='lat' dir='ltr'><strong>serta</strong></span> <span class='ocrx_word' id='word_1_53' title='bbox 279 1383 315 1438; x_wconf 91' lang='lat' dir='ltr'><strong>et</strong></span> <span class='ocrx_word' id='word_1_54' title='bbox 337 1394 519 1440; x_wconf 89' lang='lat' dir='ltr'><strong>nemorosa</strong></span> <span class='ocrx_word' id='word_1_55' title='bbox 540 1387 683 1457; x_wconf 88' lang='lat' dir='ltr'><strong>propter</strong></span> <span class='ocrx_word' id='word_1_56' title='bbox 707 1375 903 1458; x_wconf 85' lang='lat' dir='ltr'><strong>frequentes</strong></span> <span class='ocrx_word' id='word_1_57' title='bbox 928 1377 1108 1441; x_wconf 87' lang='lat' dir='ltr'><strong>Danorum</strong></span> 
     </span>
     <span class='ocr_line' id='line_1_10' title="bbox 162 1473 1108 1555; baseline 0.003 -19"><span class='ocrx_word' id='word_1_58' title='bbox 162 1473 383 1555; x_wconf 86' lang='lat' dir='ltr'>irruptiones,</span> <span class='ocrx_word' id='word_1_59' title='bbox 401 1483 436 1539; x_wconf 89' lang='lat' dir='ltr'><strong>et</strong></span> <span class='ocrx_word' id='word_1_60' title='bbox 456 1475 531 1539; x_wconf 87' lang='lat' dir='ltr'><strong>sine</strong></span> <span class='ocrx_word' id='word_1_61' title='bbox 550 1474 644 1538; x_wconf 93' lang='lat' dir='ltr'><strong>omni</strong></span> <span class='ocrx_word' id='word_1_62' title='bbox 665 1473 843 1538; x_wconf 87' lang='lat' dir='ltr'><strong>defensore</strong></span> <span class='ocrx_word' id='word_1_63' title='bbox 856 1475 1026 1539; x_wconf 83' lang='lat' dir='ltr'><strong>volubiles</strong></span> <span class='ocrx_word' id='word_1_64' title='bbox 1049 1494 1108 1539; x_wconf 86' lang='lat' dir='ltr'><strong>us-</strong></span> 
     </span>
     <span class='ocr_line' id='line_1_11' title="bbox 162 1572 1109 1656; baseline 0.002 -21"><span class='ocrx_word' id='word_1_65' title='bbox 162 1591 366 1656; x_wconf 89' lang='lat' dir='ltr'><strong>quequaque</strong></span> <span class='ocrx_word' id='word_1_66' title='bbox 398 1582 434 1638; x_wconf 88' lang='lat' dir='ltr'><strong>et</strong></span> <span class='ocrx_word' id='word_1_67' title='bbox 462 1574 642 1637; x_wconf 79' lang='lat' dir='ltr'><strong>instabiles</strong></span> <span class='ocrx_word' id='word_1_68' title='bbox 673 1575 902 1654; x_wconf 82' lang='lat' dir='ltr'><strong>vagabantur.</strong></span> <span class='ocrx_word' id='word_1_69' title='bbox 963 1572 1109 1637; x_wconf 88' lang='lat' dir='ltr'><strong>Foedere</strong></span> 
     </span>
     <span class='ocr_line' id='line_1_12' title="bbox 162 1671 1109 1756; baseline 0.002 -22"><span class='ocrx_word' id='word_1_70' title='bbox 162 1671 281 1753; x_wconf 89' lang='lat' dir='ltr'><strong>itaque</strong></span> <span class='ocrx_word' id='word_1_71' title='bbox 312 1671 481 1755; x_wconf 81' lang='lat' dir='ltr'><strong>homagiis</strong></span> <span class='ocrx_word' id='word_1_72' title='bbox 511 1673 714 1736; x_wconf 88' lang='lat' dir='ltr'><strong>confirmato</strong></span> <span class='ocrx_word' id='word_1_73' title='bbox 742 1681 778 1736; x_wconf 92' lang='lat' dir='ltr'><strong>et</strong></span> <span class='ocrx_word' id='word_1_74' title='bbox 794 1673 1014 1756; x_wconf 85' lang='lat' dir='ltr'><strong>juramentis,</strong></span> <span class='ocrx_word' id='word_1_75' title='bbox 1046 1692 1109 1737; x_wconf 85' lang='lat' dir='ltr'><strong>rex</strong></span> 
     </span>
     <span class='ocr_line' id='line_1_13' title="bbox 163 1771 1110 1837; baseline 0.003 -4"><span class='ocrx_word' id='word_1_76' title='bbox 163 1789 281 1834; x_wconf 89' lang='lat' dir='ltr'><strong>eorum</strong></span> <span class='ocrx_word' id='word_1_77' title='bbox 305 1771 413 1836; x_wconf 88' lang='lat' dir='ltr'><strong>fultus</strong></span> <span class='ocrx_word' id='word_1_78' title='bbox 440 1771 572 1836; x_wconf 85' lang='lat' dir='ltr'><strong>auxilio</strong></span> <span class='ocrx_word' id='word_1_79' title='bbox 598 1771 749 1835; x_wconf 89' lang='lat' dir='ltr'><strong>insultus</strong></span> <span class='ocrx_word' id='word_1_80' title='bbox 778 1771 962 1834; x_wconf 87' lang='lat' dir='ltr'><strong>acerrimos</strong></span> <span class='ocrx_word' id='word_1_81' title='bbox 987 1779 1110 1837; x_wconf 89' lang='lat' dir='ltr'><strong>contra</strong></span> 
     </span>
     <span class='ocr_line' id='line_1_14' title="bbox 163 1869 1110 1954; baseline 0.001 -22"><span class='ocrx_word' id='word_1_82' title='bbox 163 1870 339 1934; x_wconf 91' lang='lat' dir='ltr'><strong>civitatem</strong></span> <span class='ocrx_word' id='word_1_83' title='bbox 369 1870 553 1946; x_wconf 87' lang='lat' dir='ltr'><strong>ordinavit,</strong></span> <span class='ocrx_word' id='word_1_84' title='bbox 577 1871 770 1953; x_wconf 78' lang='lat' dir='ltr'><strong>erectisque</strong></span> <span class='ocrx_word' id='word_1_85' title='bbox 793 1869 961 1933; x_wconf 87' lang='lat' dir='ltr'><strong>machinis</strong></span> <span class='ocrx_word' id='word_1_86' title='bbox 984 1870 1020 1933; x_wconf 93' lang='lat' dir='ltr'><strong>in</strong></span> <span class='ocrx_word' id='word_1_87' title='bbox 1047 1890 1110 1954; x_wconf 77' lang='lat' dir='ltr'><strong>gy-</strong></span> 
     </span>
     <span class='ocr_line' id='line_1_15' title="bbox 164 1969 1110 2048; baseline 0.001 -15"><span class='ocrx_word' id='word_1_88' title='bbox 164 1988 253 2046; x_wconf 88' lang='lat' dir='ltr'>rum,</span> <span class='ocrx_word' id='word_1_89' title='bbox 268 1971 398 2033; x_wconf 88' lang='lat' dir='ltr'><strong>moenia</strong></span> <span class='ocrx_word' id='word_1_90' title='bbox 414 1969 603 2034; x_wconf 86' lang='lat' dir='ltr'><strong>dissolvere</strong></span> <span class='ocrx_word' id='word_1_91' title='bbox 616 1969 810 2048; x_wconf 80' lang='lat' dir='ltr'><strong>laboravit3</strong></span> <span class='ocrx_word' id='word_1_92' title='bbox 833 1969 926 2034; x_wconf 89' lang='lat' dir='ltr'><strong>cives</strong></span> <span class='ocrx_word' id='word_1_93' title='bbox 939 1989 1022 2034; x_wconf 90' lang='lat' dir='ltr'><strong>vero</strong></span> <span class='ocrx_word' id='word_1_94' title='bbox 1038 1989 1110 2034; x_wconf 84' lang='lat' dir='ltr'><strong>me·</strong></span> 
     </span>
     <span class='ocr_line' id='line_1_16' title="bbox 163 2068 1109 2150; baseline 0.002 -19"><span class='ocrx_word' id='word_1_95' title='bbox 163 2074 299 2132; x_wconf 90' lang='lat' dir='ltr'><strong>tuentes</strong></span> <span class='ocrx_word' id='word_1_96' title='bbox 319 2068 525 2132; x_wconf 87' lang='lat' dir='ltr'><strong>contendere</strong></span> <span class='ocrx_word' id='word_1_97' title='bbox 548 2076 670 2132; x_wconf 88' lang='lat' dir='ltr'><strong>contra</strong></span> <span class='ocrx_word' id='word_1_98' title='bbox 691 2087 820 2149; x_wconf 88' lang='lat' dir='ltr'><strong>regem,</strong></span> <span class='ocrx_word' id='word_1_99' title='bbox 844 2069 974 2150; x_wconf 89' lang='lat' dir='ltr'><strong>apertis</strong></span> <span class='ocrx_word' id='word_1_100' title='bbox 997 2069 1109 2133; x_wconf 84' lang='lat' dir='ltr'><strong>valvis</strong></span> 
     </span>
     <span class='ocr_line' id='line_1_17' title="bbox 164 2167 1110 2251; baseline 0.002 -22"><span class='ocrx_word' id='word_1_101' title='bbox 164 2167 328 2244; x_wconf 89' lang='lat' dir='ltr'><strong>civitatis,</strong></span> <span class='ocrx_word' id='word_1_102' title='bbox 356 2169 468 2251; x_wconf 91' lang='lat' dir='ltr'><strong>ipsum</strong></span> <span class='ocrx_word' id='word_1_103' title='bbox 500 2167 688 2231; x_wconf 86' lang='lat' dir='ltr'><strong>honorifice</strong></span> <span class='ocrx_word' id='word_1_104' title='bbox 719 2174 956 2250; x_wconf 86' lang='lat' dir='ltr'><strong>susceperunt.</strong></span> <span class='ocrx_word' id='word_1_105' title='bbox 1009 2167 1110 2231; x_wconf 85' lang='lat' dir='ltr'><strong>Tunc</strong></span> 
     </span>
     <span class='ocr_line' id='line_1_18' title="bbox 163 2267 1109 2350; baseline 0.002 -22"><span class='ocrx_word' id='word_1_106' title='bbox 163 2286 239 2343; x_wconf 85' lang='lat' dir='ltr'><strong>rex,</strong></span> <span class='ocrx_word' id='word_1_107' title='bbox 253 2267 394 2331; x_wconf 90' lang='lat' dir='ltr'><strong>civitate</strong></span> <span class='ocrx_word' id='word_1_108' title='bbox 410 2273 606 2331; x_wconf 85' lang='lat' dir='ltr'><strong>restaurata</strong></span> <span class='ocrx_word' id='word_1_109' title='bbox 620 2267 824 2349; x_wconf 87' lang='lat' dir='ltr'><strong>moeniisque</strong></span> <span class='ocrx_word' id='word_1_110' title='bbox 838 2267 1020 2350; x_wconf 86' lang='lat' dir='ltr'><strong>reparatis,</strong></span> <span class='ocrx_word' id='word_1_111' title='bbox 1036 2273 1109 2331; x_wconf 88' lang='lat' dir='ltr'><strong>tra·</strong></span> 
     </span>
     <span class='ocr_line' id='line_1_19' title="bbox 164 2359 1111 2444; baseline 0.001 -16"><span class='ocrx_word' id='word_1_112' title='bbox 164 2365 252 2429; x_wconf 90' lang='lat' dir='ltr'><strong>didit</strong></span> <span class='ocrx_word' id='word_1_113' title='bbox 275 2385 352 2429; x_wconf 87' lang='lat' dir='ltr'><strong>eam</strong></span> <span class='ocrx_word' id='word_1_114' title='bbox 376 2368 441 2429; x_wconf 93' lang='lat' dir='ltr'><strong>sub</strong></span> <span class='ocrx_word' id='word_1_115' title='bbox 466 2366 624 2430; x_wconf 87' lang='lat' dir='ltr'><strong>custodia</strong></span> <span class='ocrx_word' id='word_1_116' title='bbox 637 2359 848 2444; x_wconf 64' lang='lat' dir='ltr'><strong>&#39;Athelredi</strong></span> <span class='ocrx_word' id='word_1_117' title='bbox 864 2366 999 2430; x_wconf 88' lang='lat' dir='ltr'><strong>comitis</strong></span> <span class='ocrx_word' id='word_1_118' title='bbox 1015 2365 1111 2430; x_wconf 87' lang='lat' dir='ltr'><strong>Mer·</strong></span> 
     </span>
     <span class='ocr_line' id='line_1_20' title="bbox 164 2461 1113 2548; baseline 0.002 -20"><span class='ocrx_word' id='word_1_119' title='bbox 164 2465 307 2542; x_wconf 90' lang='lat' dir='ltr'><strong>ciorum,</strong></span> <span class='ocrx_word' id='word_1_120' title='bbox 322 2465 382 2547; x_wconf 91' lang='lat' dir='ltr'><strong>qui</strong></span> <span class='ocrx_word' id='word_1_121' title='bbox 398 2466 489 2548; x_wconf 77' lang='lat' dir='ltr'><strong>regis</strong></span> <span class='ocrx_word' id='word_1_122' title='bbox 506 2465 611 2529; x_wconf 88' lang='lat' dir='ltr'><strong>filiam</strong></span> <span class='ocrx_word' id='word_1_123' title='bbox 625 2466 763 2530; x_wconf 88' lang='lat' dir='ltr'><strong>nomine</strong></span> <span class='ocrx_word' id='word_1_124' title='bbox 778 2461 970 2530; x_wconf 79' lang='lat' dir='ltr'><strong>³Elfledam</strong></span> <span class='ocrx_word' id='word_1_125' title='bbox 990 2465 1113 2530; x_wconf 87' lang='lat' dir='ltr'><strong>habuit</strong></span> 
     </span>
     <span class='ocr_line' id='line_1_21' title="bbox 165 2565 1111 2646; baseline 0.002 -20"><span class='ocrx_word' id='word_1_126' title='bbox 165 2583 321 2640; x_wconf 86' lang='lat' dir='ltr'><strong>uxorem,</strong></span> <span class='ocrx_word' id='word_1_127' title='bbox 347 2572 383 2628; x_wconf 91' lang='lat' dir='ltr'><strong>et</strong></span> <span class='ocrx_word' id='word_1_128' title='bbox 408 2571 484 2628; x_wconf 87' lang='lat' dir='ltr'><strong>erat</strong></span> <span class='ocrx_word' id='word_1_129' title='bbox 507 2565 550 2628; x_wconf 90' lang='lat' dir='ltr'><strong>de</strong></span> <span class='ocrx_word' id='word_1_130' title='bbox 577 2566 674 2646; x_wconf 83' lang='lat' dir='ltr'><strong>regio</strong></span> <span class='ocrx_word' id='word_1_131' title='bbox 704 2566 834 2629; x_wconf 87' lang='lat' dir='ltr'><strong>semiue</strong></span> <span class='ocrx_word' id='word_1_132' title='bbox 861 2565 955 2629; x_wconf 86' lang='lat' dir='ltr'><strong>illius</strong></span> <span class='ocrx_word' id='word_1_133' title='bbox 984 2565 1111 2646; x_wconf 80' lang='lat' dir='ltr'><strong>gentis.</strong></span> 
     </span>
     <span class='ocr_line' id='line_1_22' title="bbox 165 2661 1112 2746; baseline 0.002 -20"><span class='ocrx_word' id='word_1_134' title='bbox 165 2662 245 2727; x_wconf 88' lang='lat' dir='ltr'><strong>Rex</strong></span> <span class='ocrx_word' id='word_1_135' title='bbox 262 2664 380 2746; x_wconf 86' lang='lat' dir='ltr'><strong>itaque</strong></span> <span class='ocrx_word' id='word_1_136' title='bbox 393 2661 557 2727; x_wconf 85' lang='lat' dir='ltr'><strong>Alfredus</strong></span> <span class='ocrx_word' id='word_1_137' title='bbox 574 2665 666 2726; x_wconf 91' lang='lat' dir='ltr'><strong>omni</strong></span> <span class='ocrx_word' id='word_1_138' title='bbox 680 2663 841 2746; x_wconf 87' lang='lat' dir='ltr'><strong>deinceps</strong></span> <span class='ocrx_word' id='word_1_139' title='bbox 858 2671 1012 2746; x_wconf 91' lang='lat' dir='ltr'><strong>tempore</strong></span> <span class='ocrx_word' id='word_1_140' title='bbox 1029 2664 1112 2728; x_wconf 86' lang='lat' dir='ltr'><strong>vitae</strong></span> 
     </span>
     <span class='ocr_line' id='line_1_23' title="bbox 164 2762 1113 2846; baseline 0.003 -22"><span class='ocrx_word' id='word_1_141' title='bbox 164 2781 238 2826; x_wconf 84' lang='lat' dir='ltr'><strong>suae</strong></span> <span class='ocrx_word' id='word_1_142' title='bbox 262 2762 494 2826; x_wconf 81' lang='lat' dir='ltr'><strong>monarchiam</strong></span> <span class='ocrx_word' id='word_1_143' title='bbox 526 2762 633 2825; x_wconf 91' lang='lat' dir='ltr'><strong>totius</strong></span> <span class='ocrx_word' id='word_1_144' title='bbox 668 2763 768 2844; x_wconf 88' lang='lat' dir='ltr'><strong>regni</strong></span> <span class='ocrx_word' id='word_1_145' title='bbox 794 2762 933 2843; x_wconf 84' lang='lat' dir='ltr'><strong>Angliae</strong></span> <span class='ocrx_word' id='word_1_146' title='bbox 966 2762 1113 2846; x_wconf 87' lang='lat' dir='ltr'><strong>adeptus</strong></span> 
     </span>
     <span class='ocr_line' id='line_1_24' title="bbox 166 2861 1114 2943; baseline 0 -19"><span class='ocrx_word' id='word_1_147' title='bbox 166 2868 220 2925; x_wconf 90' lang='lat' dir='ltr'><strong>est</strong></span> <span class='ocrx_word' id='word_1_148' title='bbox 241 2870 367 2943; x_wconf 87' lang='lat' dir='ltr'><strong>praeter</strong></span> <span class='ocrx_word' id='word_1_149' title='bbox 396 2862 475 2925; x_wconf 84' lang='lat' dir='ltr'><strong>illas</strong></span> <span class='ocrx_word' id='word_1_150' title='bbox 499 2861 649 2943; x_wconf 83' lang='lat' dir='ltr'><strong>regionis</strong></span> <span class='ocrx_word' id='word_1_151' title='bbox 671 2868 800 2942; x_wconf 87' lang='lat' dir='ltr'><strong>partes,</strong></span> <span class='ocrx_word' id='word_1_152' title='bbox 825 2881 913 2943; x_wconf 87' lang='lat' dir='ltr'><strong>ques</strong></span> <span class='ocrx_word' id='word_1_153' title='bbox 939 2861 1005 2924; x_wconf 88' lang='lat' dir='ltr'><strong>sibi</strong></span> <span class='ocrx_word' id='word_1_154' title='bbox 1033 2863 1114 2924; x_wconf 90' lang='lat' dir='ltr'><strong>sub-</strong></span> 
     </span>
     <span class='ocr_line' id='line_1_25' title="bbox 160 2960 1112 3044; baseline 0.002 -22"><span class='ocrx_word' id='word_1_155' title='bbox 160 2960 352 3044; x_wconf 83' lang='lat' dir='ltr'><strong>jugaverat</strong></span> <span class='ocrx_word' id='word_1_156' title='bbox 376 2960 556 3025; x_wconf 88' lang='lat' dir='ltr'><strong>barbarica</strong></span> <span class='ocrx_word' id='word_1_157' title='bbox 582 2979 667 3041; x_wconf 82' lang='lat' dir='ltr'><strong>gens</strong></span> <span class='ocrx_word' id='word_1_158' title='bbox 693 2960 894 3040; x_wconf 88' lang='lat' dir='ltr'><strong>Danorum;</strong></span> <span class='ocrx_word' id='word_1_159' title='bbox 920 2979 1112 3043; x_wconf 86' lang='lat' dir='ltr'><strong>occupave-</strong></span> 
     </span>
     <span class='ocr_line' id='line_1_26' title="bbox 166 3058 1113 3124; baseline 0.001 -2"><span class='ocrx_word' id='word_1_160' title='bbox 166 3067 247 3123; x_wconf 87' lang='lat' dir='ltr'><strong>rant</strong></span> <span class='ocrx_word' id='word_1_161' title='bbox 271 3060 363 3123; x_wconf 91' lang='lat' dir='ltr'><strong>enim</strong></span> <span class='ocrx_word' id='word_1_162' title='bbox 393 3058 746 3123; x_wconf 87' lang='lat' dir='ltr'><strong>Northauhumbriam</strong></span> <span class='ocrx_word' id='word_1_163' title='bbox 780 3067 889 3124; x_wconf 87' lang='lat' dir='ltr'><strong>totam</strong></span> <span class='ocrx_word' id='word_1_164' title='bbox 922 3079 1000 3124; x_wconf 89' lang='lat' dir='ltr'><strong>cum</strong></span> <span class='ocrx_word' id='word_1_165' title='bbox 1033 3060 1113 3123; x_wconf 89' lang='lat' dir='ltr'><strong>Est·</strong></span> 
     </span>
     <span class='ocr_line' id='line_1_27' title="bbox 165 3157 1112 3241; baseline 0 -20"><span class='ocrx_word' id='word_1_166' title='bbox 165 3157 284 3239; x_wconf 79' lang='lat' dir='ltr'><strong>anglia</strong></span> <span class='ocrx_word' id='word_1_167' title='bbox 315 3167 350 3222; x_wconf 89' lang='lat' dir='ltr'><strong>et</strong></span> <span class='ocrx_word' id='word_1_168' title='bbox 377 3159 455 3222; x_wconf 88' lang='lat' dir='ltr'><strong>aliis</strong></span> <span class='ocrx_word' id='word_1_169' title='bbox 487 3158 685 3240; x_wconf 80' lang='lat' dir='ltr'><strong>regionibus</strong></span> <span class='ocrx_word' id='word_1_170' title='bbox 717 3159 885 3241; x_wconf 76' lang='lat' dir='ltr'><strong>plurimiS,</strong></span> <span class='ocrx_word' id='word_1_171' title='bbox 912 3179 957 3223; x_wconf 88' lang='lat' dir='ltr'><strong>ex</strong></span> <span class='ocrx_word' id='word_1_172' title='bbox 986 3158 1112 3241; x_wconf 86' lang='lat' dir='ltr'><strong>quihus</strong></span> 
     </span>
     <span class='ocr_line' id='line_1_28' title="bbox 165 3256 1113 3340; baseline -0.001 -19"><span class='ocrx_word' id='word_1_173' title='bbox 165 3256 309 3321; x_wconf 86' lang='lat' dir='ltr'><strong>Alfredo</strong></span> <span class='ocrx_word' id='word_1_174' title='bbox 326 3259 400 3339; x_wconf 79' lang='lat' dir='ltr'><strong>regi</strong></span> <span class='ocrx_word' id='word_1_175' title='bbox 426 3257 650 3340; x_wconf 82' lang='lat' dir='ltr'><strong>gravissimas</strong></span> <span class='ocrx_word' id='word_1_176' title='bbox 673 3258 881 3340; x_wconf 84' lang='lat' dir='ltr'><strong>irruptiones</strong></span> <span class='ocrx_word' id='word_1_177' title='bbox 898 3265 934 3322; x_wconf 89' lang='lat' dir='ltr'><strong>et</strong></span> <span class='ocrx_word' id='word_1_178' title='bbox 955 3257 1113 3322; x_wconf 84' lang='lat' dir='ltr'><strong>assiduas</strong></span> 
     </span>
     <span class='ocr_line' id='line_1_29' title="bbox 165 3356 369 3421; baseline 0.005 -2"><span class='ocrx_word' id='word_1_179' title='bbox 165 3356 369 3421; x_wconf 81' lang='lat' dir='ltr'><strong>intulerunt.</strong></span> 
     </span>
    </p>
   </div>
   <div class='ocr_carea' id='block_1_4' title="bbox 287 3511 999 3599">
    <p class='ocr_par' dir='ltr' id='par_1_4' title="bbox 287 3511 999 3599">
     <span class='ocr_line' id='line_1_30' title="bbox 287 3511 999 3599; baseline 0 -23"><span class='ocrx_word' id='word_1_180' title='bbox 287 3512 518 3598; x_wconf 79' lang='lat' dir='ltr'><strong>Recepilolctio</strong></span> <span class='ocrx_word' id='word_1_181' title='bbox 533 3534 694 3599; x_wconf 73' lang='lat' dir='ltr'><strong>rcpoorom</strong></span> <span class='ocrx_word' id='word_1_182' title='bbox 708 3522 736 3578; x_wconf 81' lang='lat' dir='ltr'><strong>ct</strong></span> <span class='ocrx_word' id='word_1_183' title='bbox 747 3533 852 3598; x_wconf 78' lang='lat' dir='ltr'><strong>reparo</strong></span> <span class='ocrx_word' id='word_1_184' title='bbox 867 3511 999 3598; x_wconf 71' lang='lat' dir='ltr'><strong>Aopliae.</strong></span> 
     </span>
    </p>
   </div>
   <div class='ocr_carea' id='block_1_5' title="bbox 217 3636 1270 3747">
    <p class='ocr_par' dir='ltr' id='par_1_5' title="bbox 217 3636 1270 3747">
     <span class='ocr_line' id='line_1_31' title="bbox 217 3636 1270 3747; baseline -0.004 -48"><span class='ocrx_word' id='word_1_185' title='bbox 217 3636 322 3701; x_wconf 90' lang='lat' dir='ltr'><strong>Nunc</strong></span> <span class='ocrx_word' id='word_1_186' title='bbox 340 3656 424 3718; x_wconf 79' lang='lat' dir='ltr'><strong>ergo</strong></span> <span class='ocrx_word' id='word_1_187' title='bbox 439 3659 545 3721; x_wconf 92' lang='lat' dir='ltr'><strong>quum</strong></span> <span class='ocrx_word' id='word_1_188' title='bbox 573 3638 617 3702; x_wconf 89' lang='lat' dir='ltr'><strong>ad</strong></span> <span class='ocrx_word' id='word_1_189' title='bbox 643 3658 758 3720; x_wconf 81' lang='lat' dir='ltr'><strong>regem</strong></span> <span class='ocrx_word' id='word_1_190' title='bbox 777 3636 999 3701; x_wconf 80' lang='lat' dir='ltr'><strong>monarcham</strong></span> <span class='ocrx_word' id='word_1_191' title='bbox 1022 3644 1270 3747; x_wconf 46' lang='lat' dir='ltr'><strong>trac-telmessi</strong></span> 
     </span>
    </p>
   </div>
   <div class='ocr_carea' id='block_1_6' title="bbox 167 3735 1228 3818">
    <p class='ocr_par' dir='ltr' id='par_1_6' title="bbox 167 3735 1228 3818">
     <span class='ocr_line' id='line_1_32' title="bbox 167 3735 1228 3818; baseline -0.002 -20"><span class='ocrx_word' id='word_1_192' title='bbox 167 3736 273 3799; x_wconf 87' lang='lat' dir='ltr'><strong>tando</strong></span> <span class='ocrx_word' id='word_1_193' title='bbox 295 3738 525 3818; x_wconf 89' lang='lat' dir='ltr'><strong>pervenimus,</strong></span> <span class='ocrx_word' id='word_1_194' title='bbox 548 3738 633 3801; x_wconf 88' lang='lat' dir='ltr'><strong>libet</strong></span> <span class='ocrx_word' id='word_1_195' title='bbox 655 3737 806 3801; x_wconf 90' lang='lat' dir='ltr'><strong>omnium</strong></span> <span class='ocrx_word' id='word_1_196' title='bbox 825 3756 944 3818; x_wconf 83' lang='lat' dir='ltr'><strong>rogum</strong></span> <span class='ocrx_word' id='word_1_197' title='bbox 963 3735 1114 3818; x_wconf 78' lang='lat' dir='ltr'><strong>Angliae,</strong></span> <span class='ocrx_word' id='word_1_198' title='bbox 1126 3757 1228 3808; x_wconf 63' lang='lat' dir='ltr'><strong>angon.</strong></span> 
     </span>
    </p>
   </div>
   <div class='ocr_carea' id='block_1_7' title="bbox 165 3923 1117 4269">
    <p class='ocr_par' dir='ltr' id='par_1_7' title="bbox 165 3923 1117 4197">
     <span class='ocr_line' id='line_1_33' title="bbox 204 3923 1115 3996; baseline -0.001 -19"><span class='ocrx_word' id='word_1_199' title='bbox 204 3926 210 3955; x_wconf 87' lang='lat'>¹</span> <span class='ocrx_word' id='word_1_200' title='bbox 236 3929 369 3977; x_wconf 80' lang='lat' dir='ltr'><strong>Civitatem</strong></span> <span class='ocrx_word' id='word_1_201' title='bbox 412 3923 627 3996; x_wconf 58' lang='lat' dir='ltr'><strong>laninam]</strong></span> <span class='ocrx_word' id='word_1_202' title='bbox 657 3929 835 3989; x_wconf 78' lang='lat' dir='ltr'><strong>‘Aetheredi,’</strong></span> <span class='ocrx_word' id='word_1_203' title='bbox 863 3929 943 3977; x_wconf 77' lang='lat' dir='ltr'><strong>Aeser</strong></span> <span class='ocrx_word' id='word_1_204' title='bbox 973 3927 1023 3976; x_wconf 80' lang='lat' dir='ltr'><strong>aud</strong></span> <span class='ocrx_word' id='word_1_205' title='bbox 1052 3928 1115 3976; x_wconf 79' lang='lat' dir='ltr'><strong>Su.</strong></span> 
     </span>
     <span class='ocr_line' id='line_1_34' title="bbox 165 3997 1117 4061; baseline -0.002 -14"><span class='ocrx_word' id='word_1_206' title='bbox 165 3998 358 4047; x_wconf 80' lang='lat' dir='ltr'><strong>Asseraudthe</strong></span> <span class='ocrx_word' id='word_1_207' title='bbox 376 3997 539 4047; x_wconf 63' lang='lat' dir='ltr'><strong>cucuron.</strong></span> <span class='ocrx_word' id='word_1_208' title='bbox 552 4013 628 4061; x_wconf 77' lang='lat' dir='ltr'><strong>agree</strong></span> <span class='ocrx_word' id='word_1_209' title='bbox 654 3997 748 4049; x_wconf 78' lang='lat' dir='ltr'><strong>chron.</strong></span> <span class='ocrx_word' id='word_1_210' title='bbox 773 3998 1117 4060; x_wconf 75' lang='lat' dir='ltr'><strong>SeeDugdale,Bnronege‚</strong></span> 
     </span>
     <span class='ocr_line' id='line_1_35' title="bbox 167 4067 746 4130; baseline 0 -13"><span class='ocrx_word' id='word_1_211' title='bbox 167 4070 193 4116; x_wconf 87' lang='lat' dir='ltr'><strong>in</strong></span> <span class='ocrx_word' id='word_1_212' title='bbox 211 4069 313 4129; x_wconf 84' lang='lat' dir='ltr'><strong>placing</strong></span> <span class='ocrx_word' id='word_1_213' title='bbox 324 4067 365 4116; x_wconf 88' lang='lat' dir='ltr'><strong>the</strong></span> <span class='ocrx_word' id='word_1_214' title='bbox 377 4067 466 4129; x_wconf 78' lang='lat' dir='ltr'><strong>taking</strong></span> <span class='ocrx_word' id='word_1_215' title='bbox 481 4068 510 4116; x_wconf 84' lang='lat' dir='ltr'><strong>oi</strong></span> <span class='ocrx_word' id='word_1_216' title='bbox 523 4067 627 4117; x_wconf 85' lang='lat' dir='ltr'><strong>London</strong></span> <span class='ocrx_word' id='word_1_217' title='bbox 651 4069 670 4118; x_wconf 90' lang='lat' dir='ltr'><strong>i.</strong></span> <span class='ocrx_word' id='word_1_218' title='bbox 682 4084 708 4130; x_wconf 88' lang='lat' dir='ltr'><strong>p.</strong></span> <span class='ocrx_word' id='word_1_219' title='bbox 720 4073 746 4118; x_wconf 78' lang='grc'><strong>7.</strong></span> 
     </span>
     <span class='ocr_line' id='line_1_36' title="bbox 165 4138 333 4197; baseline 0.006 -12"><span class='ocrx_word' id='word_1_220' title='bbox 165 4138 253 4186; x_wconf 85' lang='lat' dir='ltr'><strong>inthis</strong></span> <span class='ocrx_word' id='word_1_221' title='bbox 264 4152 333 4197; x_wconf 81' lang='lat' dir='ltr'><strong>year.</strong></span> 
     </span>
    </p>

    <p class='ocr_par' dir='ltr' id='par_1_8' title="bbox 202 4202 1048 4269">
     <span class='ocr_line' id='line_1_37' title="bbox 202 4202 1048 4269; baseline -0.001 -13"><span class='ocrx_word' id='word_1_222' title='bbox 202 4203 375 4265; x_wconf 58' lang='lat' dir='ltr'><strong>‘Armorum</strong></span> <span class='ocrx_word' id='word_1_223' title='bbox 403 4202 567 4269; x_wconf 53' lang='lat' dir='ltr'><strong>‘athelredi&#39;</strong></span> <span class='ocrx_word' id='word_1_224' title='bbox 586 4207 626 4266; x_wconf 59' lang='grc' dir='ltr'>Μ</span> <span class='ocrx_word' id='word_1_225' title='bbox 687 4204 697 4234; x_wconf 81' lang='lat'><strong>³</strong></span> <span class='ocrx_word' id='word_1_226' title='bbox 710 4204 851 4269; x_wconf 63' lang='lat' dir='ltr'><strong>Eljledom]</strong></span> <span class='ocrx_word' id='word_1_227' title='bbox 869 4204 1005 4267; x_wconf 71' lang='lat' dir='ltr'><strong>Amidam,</strong></span> <span class='ocrx_word' id='word_1_228' title='bbox 1016 4204 1048 4255; x_wconf 82' lang='lat' dir='ltr'><strong>L.</strong></span> 
     </span>
    </p>
   </div>
   <div class='ocr_carea' id='block_1_8' title="bbox 0 0 1457 4852">
    <p class='ocr_par' dir='ltr' id='par_1_9' title="bbox 0 0 1457 4852">
     <span class='ocr_line' id='line_1_38' title="bbox 0 0 1457 4852; baseline 0 0"><span class='ocrx_word' id='word_1_229' title='bbox 0 0 1457 4852; x_wconf 95' lang='lat' dir='ltr'><strong> </strong></span> 
     </span>
    </p>
   </div>
  </div>
 </body>
</html>
