2888 4852
441 436 582 486 enonas
605 436 874 487 nrsroumuuu.
924 452 927 457 ·
1085 422 1130 490 59

175 602 295 676 garet3
317 594 482 678 imposito
498 594 617 677 itaque
630 614 725 677 rege,
740 613 819 658 curn
836 600 912 658 tota
926 592 1128 659 fortitudine

176 695 276 776 regni
291 693 531 759 verolamium
546 695 712 777 perrexit,
721 693 780 758 ubi
793 693 869 778 jam
885 693 1024 759 nefandi
1037 694 1128 759 Sax-

177 813 261 857 ones
295 795 492 859 universam
522 796 671 877 patriam
701 793 913 876 affligebant
969 793 1127 878 Cumque

176 893 292 958 edocti
308 902 424 959 essent
442 894 534 959 Octa
550 902 585 958 et
601 893 696 958 Eosa
709 894 751 958 de
763 894 915 958 adventu
931 893 1127 972 Britonum,

176 988 363 1076 regemque
385 1014 504 1059 eorum
525 994 562 1057 in
582 993 708 1058 feretro
730 993 924 1071 advenisse,
947 994 1126 1076 dedignati

176 1099 259 1157 snnt
273 1113 352 1158 cum
367 1094 427 1159 illo
442 1093 606 1177 praeliari,
620 1093 703 1176 quia
716 1093 753 1156 in
770 1093 930 1158 vehiculo
943 1095 1125 1174 veniebat3

177 1200 383 1276 receperunt
403 1214 441 1259 se
463 1193 582 1276 itaque
603 1192 694 1257 infra
713 1194 844 1271 urbem,
866 1199 902 1256 et
927 1193 1062 1271 valvas,
1087 1201 1128 1258 ut

177 1293 237 1374 qui
267 1293 354 1357 nihil
381 1293 563 1370 timebant,
598 1293 823 1357 deseruerunt
859 1300 1010 1374 apertas.
1076 1292 1277 1384 Aternum.

180 1391 293 1457 Uther
309 1393 418 1478 jussit
439 1394 536 1458 ocius
560 1393 736 1457 civitatem
759 1392 917 1457 obsidere
939 1400 975 1456 et
998 1367 1270 1457 moenia⁸⁸‘⁸¹⁵⁸⁰“

178 1493 331 1576 undique
356 1493 588 1576 complanare,
611 1500 833 1575 stragemque
856 1511 927 1556 non
949 1493 1128 1558 minimam

178 1591 376 1658 Saxonibus
405 1593 605 1669 inserentes,
631 1592 803 1656 moenibus
833 1592 1020 1670 subversis,
1051 1593 1128 1677 jam

178 1701 295 1757 essent
310 1693 469 1776 ingressi,
483 1694 550 1757 nisi
562 1693 699 1756 demum
712 1692 873 1756 resistere
886 1693 1127 1774 perstitissent.

182 1791 288 1857 Mane
302 1800 419 1858 antem
433 1793 527 1857 facto
544 1792 674 1875 egressi
691 1799 775 1856 sunt
790 1791 960 1869 Saxones,
978 1793 1128 1857 catervis

180 1891 370 1974 dispositis,
388 1893 550 1957 Britones
567 1892 612 1956 ad
627 1891 783 1974 praelinm
798 1898 1050 1974 provocantes3
1074 1913 1127 1956 re·

180 1993 346 2057 stiterunt
377 1993 542 2057 audacter
574 1991 749 2068 Britones,
779 1990 950 2056 invadunt
982 1993 1129 2056 viriliter

181 2091 352 2169 Saxones,
369 2100 406 2157 et
418 2112 536 2156 necem
554 2099 709 2155 mutuam
725 2092 909 2174 utrobique
921 2092 1128 2170 conficiunt;

181 2200 356 2274 postremo
369 2193 516 2256 victoria
538 2190 611 2273 regi
637 2190 820 2255 Britonum
837 2190 954 2267 cessit,
969 2190 1129 2255 interfec-

182 2291 296 2372 tisque
310 2285 419 2357 ¹Octa
433 2298 468 2355 et
483 2291 587 2366 Eosa,
605 2290 721 2354 caeteri
739 2290 940 2354 Britonibus
955 2296 1055 2372 terga
1069 2291 1129 2355 de·

180 2389 314 2454 derunt.
355 2391 458 2474 Cepit
473 2409 556 2473 ergo
571 2390 652 2455 inde
675 2397 774 2453 tauta
790 2388 915 2454 laetitia
929 2409 1060 2471 regem,
1077 2399 1129 2468 ut,

182 2491 241 2572 qui
264 2491 361 2574 prins
385 2492 460 2555 sine
476 2490 620 2554 alterins
634 2489 843 2554 adminiculo
859 2508 897 2553 se
914 2489 1046 2571 erigere
1068 2510 1128 2554 ne·

183 2591 310 2674 quiret,
333 2592 401 2657 levi
426 2591 605 2655 conamine
620 2590 708 2674 [jam
731 2589 874 2671 resedit]
897 2589 934 2654 in
948 2589 1074 2667 loculo,
1088 2608 1129 2654 ac
1198 2634 1204 2645 -

183 2692 213 2753 si
228 2691 413 2756 sanitatem
427 2691 608 2775 pristinam
624 2689 823 2772 recepisset.

469 2894 475 2904 ·
514 2865 611 2950 Papa
625 2863 791 2928 Jolaums.

224 2983 332 3052 Anno
341 2988 464 3070 gratiae
479 3006 588 3053 uxur.
601 2982 638 3053 Ἴ
641 2988 796 3053 ohannes
809 2988 898 3052 sedit
912 2986 949 3050 in
966 2986 1131 3052 cathedra
1143 3012 1198 3053 nn.
1208 3013 1253 3052 sn

184 3084 346 3151 Romana
362 3089 463 3153 aunis
478 3089 613 3153 duobus
627 3096 662 3152 et
678 3089 855 3152 mensibus
873 3106 1009 3151 novem.
1063 3089 1131 3155 Eue
1144 3063 1263 3114 mm
1273 3063 1293 3103 ¹'

183 3185 260 3250 dom
286 3205 379 3252 anno
400 3187 501 3270 virgo
526 3188 562 3253 S.
578 3182 780 3253 ³Genovela
802 3187 1009 3252 Parisiensis
1037 3195 1133 3253 octo·

183 3287 326 3367 geneda
340 3289 480 3353 transiit
497 3289 540 3352 ad
558 3288 758 3352 Dominum.

217 3606 225 3637 ¹
251 3609 315 3658 Octa
341 3613 367 3658 et
393 3609 491 3674 Em]
519 3608 643 3671 Sigebert.
668 3608 785 3658 durstiou
797 3609 827 3658 os
834 3606 977 3659 theiroffice
988 3624 1078 3672 agrees
1088 3625 1131 3660 en·

181 3680 315 3732 Gemblac.
333 3679 405 3742 gives
422 3679 474 3729 this
492 3683 600 3728 account
617 3678 647 3728 oi
668 3681 742 3741 tirely
751 3679 814 3728 with
824 3679 866 3728 the
877 3679 993 3728 received
1001 3687 1131 3732 accounts.

181 3750 224 3799 the
234 3750 313 3798 battle
323 3748 387 3799 oss.
399 3749 506 3799 Alben'e
516 3749 606 3798 almon
617 3749 643 3797 in
668 3748 736 3799 John
754 3750 777 3798 is
792 3750 868 3811 ngnin
882 3749 1025 3799 mentioned
1039 3752 1132 3812 below,

181 3820 224 3868 the
235 3833 305 3868 samo
315 3818 400 3868 words
416 3833 496 3867 uswe
513 3817 564 3866 dud
574 3819 596 3867 it
605 3833 643 3867 re·
668 3819 765 3880 intio.
795 3819 837 3868 lle
848 3819 908 3868 died
921 3823 951 3868 le
963 3819 1026 3882 May
1037 3825 1095 3871 626.

179 3889 274 3939 corded
301 3890 336 3951 by
362 3889 446 3940 Geoff.
474 3889 572 3937 Meum.
598 3888 645 3936 bnt
702 3883 714 3917 ⁸
737 3889 880 3952 Gonoussa]
908 3888 1024 3951 sigebert
1044 3891 1132 3951 places

182 3958 530 4022 plecesitintbeyearltid.
550 3956 643 4008 Ohron.
668 3955 714 4006 ber
734 3957 812 4007 death
832 3960 859 4006 in
880 3961 945 4020 ⁵¹²3
971 3959 1085 4023 Gregory
1104 3959 1135 4009 ot*

180 4029 222 4078 ed.
234 4029 301 4078 Pist.
312 4043 338 4090 p.
350 4032 407 4078 ⁷21.
668 4026 759 4090 Tours,
770 4032 785 4077 8
796 4029 856 4078 Jau.
864 4032 922 4090 5⁰9,
938 4029 994 4080 Lib.
1006 4030 1038 4078 de
1050 4030 1131 4092 glorie

216 4095 227 4129 ¹
242 4098 396 4161 Jeme]
420 4095 475 4146 'Ibe
489 4096 643 4159 chronology
669 4095 857 4159 confessorum,
867 4100 933 4148 inter
943 4114 1002 4160 opp.
1014 4100 1062 4148 col.
1071 4103 1129 4150 973.

181 4169 210 4218 oi
218 4168 268 4217 this
278 4168 329 4217 and
339 4168 382 4217 the
392 4167 522 4228 following
533 4168 644 4230 popesis
667 4167 716 4216 See
738 4170 793 4218 eleo
811 4170 903 4219 Sunius
929 4169 980 4218 and
997 4171 1065 4219 Acta
1083 4169 1129 4219 88.

183 4239 310 4300 smngely
321 4238 452 4300 incorrect,
468 4237 590 4300 although
601 4238 643 4288 the
667 4237 729 4289 lan.
741 4240 779 4290 iii.
