2888 4852
311 408 379 476 aab
567 422 701 471 uocum
727 422 774 468 na
796 419 1004 468 wnunovnn

316 602 420 648 unam
438 601 501 664 pro
519 600 600 662 rege
616 588 650 644 et
666 580 770 642 aliam
786 598 849 661 pro
866 578 1010 642 ducibus
1027 576 1103 661 ejus
1119 575 1156 639 in
1173 575 1265 638 hunc

317 682 455 747 modum
476 681 781 756 consentientibus,
806 698 869 761 pro
891 678 1003 741 salute
1028 683 1064 740 et
1087 675 1266 756 refrigerio

318 782 519 846 delictorum
551 800 720 858 suorum3
753 785 938 862 postquam
971 784 1086 841 autem
1113 775 1266 839 defuncti

319 881 459 958 fuerint,
492 900 555 963 pro
583 901 664 962 rege
689 879 851 943 defuncto
884 877 1108 959 singulariter
1138 883 1173 938 et
1203 893 1267 958 pro

319 981 464 1046 ducibus
491 981 728 1044 communiter.
784 978 830 1042 Et
857 976 923 1041 hoc
949 978 995 1042 sit
1016 976 1160 1040 firmiter
1184 993 1267 1038 con·

320 1081 482 1146 stitutum
514 1080 672 1144 omnibus
710 1080 829 1142 diebus
858 1076 1143 1152 Christianitatis,
1177 1074 1267 1137 sicut

319 1180 463 1245 libertas
486 1179 677 1244 constituta
699 1187 764 1256 est,
789 1177 953 1261 quamdiu
977 1176 1062 1240 fides
1084 1174 1207 1239 erescit
1232 1174 1268 1236 in

320 1288 423 1362 gente
438 1277 644 1361 Anglornm.
689 1278 827 1360 Scripta
850 1284 903 1341 est
926 1285 1042 1341 autem
1066 1274 1140 1339 haec
1163 1273 1270 1337 dona

321 1379 426 1443 tionis
448 1379 571 1443 charta
592 1397 684 1442 anno
710 1379 833 1460 gratiae
858 1374 1143 1458 octingentesimo
1167 1372 1269 1454 quin·

240 1562 249 1568 ι
321 1478 522 1560 quagesimo
533 1486 670 1561 quarto,
680 1486 806 1560 quarta
819 1476 1019 1552 indictione,
1028 1474 1149 1558 quinto
1159 1490 1269 1535 nonas

323 1577 545 1655 Novembris
564 1579 600 1641 in
623 1579 708 1641 urbe
723 1576 912 1654 Wentana,
927 1583 1008 1640 ante
1023 1573 1137 1657 majus
1158 1573 1269 1637 altare

321 1678 414 1742 beati
431 1677 529 1742 Petri
544 1677 718 1760 apostoli!

493 1848 536 1914 Ut
550 1871 604 1912 rec
619 1847 807 1934 Athelwlscs
823 1849 955 1911 Romam
963 1845 1101 1932 petierit.

163 1990 301 2040 nnuma
373 1964 458 2035 His¹
478 1971 530 2035 ita
553 1973 673 2052 gestis,
695 1991 756 2034 rex
782 1971 986 2052 magnificus
1008 1968 1269 2035 occidentalium

161 2039 310 2133 laninam
322 2070 501 2135 Saxonum
521 2070 742 2148 Athelwlsus,
765 2090 843 2134 cum
868 2070 997 2134 honore
1021 2070 1172 2134 maximo
1197 2068 1270 2131 Ro-

322 2189 415 2235 mam
443 2170 631 2253 profectus,
660 2170 762 2234 duxit
791 2190 907 2234 secum
939 2169 1133 2246 Alfredum,
1161 2169 1270 2231 filium

323 2289 423 2334 suum
442 2271 627 2353 juniorem,
650 2289 751 2352 quom
778 2271 913 2334 caeteris
941 2270 1097 2334 omnibus
1119 2268 1198 2352 plus
1221 2268 1272 2330 di-

323 2369 423 2446 lexit,
446 2377 486 2434 ut
508 2389 529 2432 a
551 2388 644 2451 papa
662 2369 778 2434 Leone
799 2370 952 2434 moribus
979 2371 1109 2453 pariter
1132 2375 1168 2432 et
1191 2367 1270 2431 reli·

325 2469 428 2550 gionc
451 2468 695 2532 informaretur
719 2469 857 2533 ibidem.
911 2469 981 2533 Ubi
1004 2489 1081 2533 cum
1108 2487 1199 2531 anno
1221 2466 1273 2529 in-

325 2574 424 2650 tegro
441 2589 504 2633 rex
527 2588 604 2632 cum
621 2569 692 2633 filio
708 2569 906 2632 demoratus
921 2569 1054 2646 fuisset,
1068 2568 1150 2632 fecit
1165 2567 1273 2630 filium

324 2686 424 2731 suum
447 2668 495 2732 ibi
511 2661 551 2730 ²a
570 2688 662 2751 papa
680 2668 717 2731 in
740 2686 856 2749 regem
878 2669 1049 2746 coronari,
1066 2676 1172 2750 atque
1194 2675 1275 2749 post

325 2767 399 2832 dies
417 2787 545 2851 paucos
560 2768 604 2831 ad
622 2768 769 2850 patriam
793 2767 927 2831 rediens
943 2768 1044 2832 duxit
1060 2762 1274 2842 ³Judetham,

326 2865 443 2932 Caroli
457 2858 550 2949 regis
568 2867 779 2931 Francorum
792 2867 910 2944 filiam,
927 2887 1042 2932 secum
1061 2869 1097 2931 in
1108 2865 1273 2948 Angliam

326 2966 391 3030 sibi
409 2968 628 3031 matrimonio
644 2967 841 3049 copulatam
854 2988 863 3045 ;
887 2967 948 3031 sed
959 2968 1103 3043 interea,
1117 2967 1198 3029 dum
1211 2985 1274 3029 rex

326 3085 456 3130 moram
480 3067 608 3130 saceret
635 3066 671 3130 in
695 3067 851 3149 partibus
878 3067 1129 3143 transmarinis,
1152 3073 1276 3129 exorta

327 3174 380 3229 est
401 3174 523 3230 contra
540 3186 654 3247 regem
671 3166 874 3249 praedictum
898 3175 1100 3248 magnatum
1123 3185 1274 3249 quorun·

326 3263 405 3328 dam
428 3265 650 3349 conspiratio,
666 3266 717 3328 ita
739 3265 829 3348 quod
855 3266 948 3330 facta
970 3266 1208 3350 conjuratione
1230 3266 1274 3329 ab

326 3360 549 3442 Athelbaldo,
572 3364 643 3429 filio
662 3366 754 3445 regis
777 3365 1020 3448 primogenito,
1040 3374 1075 3430 et
1097 3366 1274 3429 Scirebur-

326 3464 426 3526 nensi
452 3465 613 3546 episcopo
629 3462 791 3542 Almone,
815 3485 893 3529 cum
912 3465 1082 3542 Eanwlfo‚
1098 3464 1275 3529 Sumerse·

326 3563 434 3626 tensis
448 3564 529 3646 pagi
543 3565 680 3640 comite,
698 3565 789 3645 quod
807 3584 829 3627 a
844 3564 959 3629 Roma
975 3566 1169 3648 repatrians
1185 3584 1273 3628 nun·

363 3782 437 3832 ¹11u
447 3784 483 3832 ito
493 3779 595 3851 gentis]
613 3784 789 3834 Aetheluulf’s
814 3785 889 3845 Upon
909 3785 952 3833 the
968 3785 1072 3834 unction
1084 3785 1114 3833 ol
1126 3784 1232 3834 Aelfred
1249 3790 1275 3833 at

322 3853 467 3917 journeyto
480 3855 557 3902 Rome
569 3854 591 3902 is
603 3855 692 3915 placed
704 3855 788 3915 hythe
814 3856 904 3915 Rome,
921 3854 962 3902 the
981 3855 1070 3905 reader
1089 3856 1111 3904 is
1122 3855 1233 3904 referred
1249 3860 1275 3903 to

327 3923 388 3973 Sex.
401 3923 494 3973 Chron.
506 3925 531 3972 in
549 3928 605 3986 854,
623 3925 656 3985 by
669 3925 788 3974 Florencc
814 3923 900 3983 Certe,
910 3925 979 3974 Hist.
992 3925 1009 3974 i.
1022 3941 1049 3986 p.
1061 3928 1117 3974 289.

326 3993 376 4042 and
388 3993 789 4055 Simeonin865,nndbyllsser,
850 3990 1036 4063 Uariam]
1080 3994 1206 4057 daughter
1251 3994 1280 4042 os

326 4063 353 4111 in
364 4062 406 4111 the
417 4064 525 4125 Annals,
536 4064 561 4111 in
573 4068 631 4124 855,
641 4065 688 4112 hut
704 4065 730 4112 in
746 4064 788 4112 the
814 4062 920 4113 Charles
930 4064 954 4112 le
963 4064 1068 4114 Chauve
1078 4080 1086 4125 ;
1097 4065 1139 4114 the
1151 4065 1274 4125 marriage

325 4131 370 4180 lile
381 4132 410 4181 of
418 4133 521 4181 Aellred
533 4135 560 4180 in
571 4138 628 4184 85³.
813 4147 868 4182 was
885 4135 1036 4183 solennized
1054 4142 1081 4183 at
1097 4135 1139 4183 the
1150 4135 1239 4196 palare
1250 4133 1280 4182 of

360 4198 404 4252 ’A
422 4218 487 4266 popo
505 4203 530 4251 tn
553 4218 634 4266 regem
656 4204 788 4266 carmi]
813 4203 994 4267 Verberies,in
1006 4204 1118 4255 October
1129 4208 1186 4254 856.
