2888 4852
324 389 369 455 52
581 404 716 454 nocem
742 405 789 452 nn
812 402 1020 453 wnunovun

328 562 462 627 Deinde
486 561 641 645 proditor
666 561 736 640 ille,
761 562 911 626 latenter
942 561 1095 642 elapsus,
1128 578 1150 622 a
1178 558 1277 623 curia

327 662 480 726 recessit.
531 661 599 726 Sed
630 661 712 725 dum
738 661 930 727 Wintouiae
962 661 1032 725 ista
1062 666 1278 741 gererentur,

327 760 584 826 Gillomanuius
611 769 647 826 et
670 760 877 826 Pascentius
905 761 941 824 in
967 759 1130 824 Cambria
1153 765 1278 823 contra

329 860 442 926 Uther
462 861 603 925 fratrem
627 862 719 943 regis
741 880 895 944 pugnam
911 861 1075 924 acerrime
1096 858 1277 923 commise-

329 969 421 1026 runt.
473 961 540 1025 Sed
558 960 697 1026 tandem
712 961 860 1025 invaluit
879 959 1002 1037 Uther,
1019 965 1066 1036 et,
1085 958 1277 1024 intersectis

330 1059 565 1125 Gillomannio
593 1068 699 1143 atque
729 1060 927 1138 Pascentio,
948 1059 1129 1124 victoriam
1157 1078 1278 1142 repor-

330 1162 429 1225 tavit.
475 1160 544 1224 His
566 1161 618 1224 ita
631 1162 751 1243 gestis,
763 1161 927 1245 apparuit
941 1160 1043 1224 stella
1060 1159 1157 1222 mirae
1178 1176 1277 1240 meg·

330 1261 498 1325 nitudiuis
511 1269 548 1325 et
562 1260 743 1338 claritatis,
756 1280 825 1325 uno
843 1267 980 1325 tantum
993 1258 1090 1325 radio
1100 1264 1278 1336 contenta,

330 1361 374 1425 ad
399 1360 500 1444 cujus
524 1360 657 1424 radium
689 1368 765 1424 erat
792 1360 916 1443 globus
946 1360 1068 1441 igneus
1093 1359 1129 1422 in
1153 1357 1276 1422 simili-

330 1460 485 1524 tudinem
513 1459 673 1524 draconis
696 1468 873 1539 extensus,
894 1468 929 1525 et
953 1479 998 1523 ex
1024 1478 1084 1523 ore
1108 1458 1185 1542 ejus
1208 1457 1277 1522 duo

331 1560 419 1624 radii
448 1561 692 1643 procedebant,
721 1579 867 1642 quorum
900 1579 990 1624 unus
1023 1558 1275 1640 longitudinem

329 1679 428 1725 suam
457 1660 550 1725 ultra
581 1659 766 1725 Gallicana
793 1660 935 1724 climata
963 1657 1150 1724 extendere
1180 1658 1278 1723 vide·

329 1761 445 1838 batur,
471 1761 559 1825 alter
577 1780 660 1825 vero
680 1780 801 1825 versus
826 1779 921 1824 mare
947 1757 1175 1823 Hibernicum
1198 1778 1278 1823 ver-

330 1880 428 1942 gens,
454 1860 489 1924 in
517 1868 649 1944 septem
681 1860 797 1925 radios
831 1860 982 1924 minores
1015 1858 1277 1924 terminabatur.

331 1958 412 2025 Hoc
434 1960 545 2024 sidere
559 1962 647 2037 viso,
662 1959 787 2037 Uther,
810 1959 915 2024 nimio
931 1968 1061 2025 terrore
1080 1978 1278 2041 percussus,

329 2061 505 2143 sapientes
528 2080 609 2124 suos
635 2059 857 2137 sollicitabat,
883 2067 935 2137 ut,
961 2059 1045 2142 quid
1067 2059 1170 2124 stella
1194 2079 1276 2142 por-

329 2159 498 2237 tenderet,
520 2159 732 2238 iudicarent3
757 2160 816 2242 qui
840 2160 1086 2243 respondentes
1101 2159 1278 2238 dixerunt,

329 2258 404 2322 “l'e
427 2258 565 2341 quidem
595 2259 691 2323 sidus
718 2267 753 2324 et
780 2259 903 2342 igneus
933 2259 1038 2324 draco
1065 2261 1129 2323 sub
1164 2259 1276 2325 sidero

328 2358 526 2440 significan
550 2359 666 2423 radius
684 2366 812 2437 autem,
833 2360 893 2442 qui
910 2379 1032 2423 versus
1056 2357 1277 2424 Gallicanam

328 2459 469 2540 plagam
495 2459 693 2542 porrigitur,
712 2459 888 2541 portendit
909 2459 1017 2523 filium
1034 2460 1097 2524 tibi
1122 2459 1276 2524 futurum

327 2559 617 2640 potentissimum,
646 2558 706 2641 qui
734 2558 883 2641 plurima
914 2579 1034 2642 regna,
1065 2579 1144 2642 quae
1178 2559 1276 2625 sidus

327 2658 494 2741 contegit,
511 2659 721 2742 possidebit3
745 2659 834 2723 alter
849 2679 932 2724 vero
956 2658 1074 2724 radius
1094 2659 1201 2724 filiam
1223 2661 1277 2724 in-

327 2757 416 2835 nuit,
430 2759 530 2842 cujus
547 2759 609 2822 filii
622 2766 657 2823 et
672 2766 815 2841 nepotes
833 2779 976 2840 regnum
992 2759 1185 2824 Britanniae
1198 2780 1278 2825 suc·

326 2857 487 2923 cedenter
509 2858 693 2924 habebunt.
747 2857 890 2923 Festina
914 2879 1009 2942 ergo,
1033 2859 1106 2923 dux
1133 2860 1275 2926 nobilis-

325 2956 423 3036 sime,
447 2957 596 3038 festina;
615 2958 797 3023 defunctus
819 2965 873 3023 est
893 2959 951 3023 ille
973 2959 1081 3024 frater
1102 2969 1195 3038 tuus,
1212 2981 1273 3026 rex

326 3056 508 3122 Britonum
524 3059 676 3142 inclytus
693 3055 856 3123 Aurelius
873 3058 1093 3138 Ambrosius,
1109 3079 1187 3126 cum
1204 3082 1276 3145 quo

324 3158 426 3222 simul
443 3159 567 3223 militia
583 3166 619 3224 et
633 3159 745 3241 gloria
755 3159 937 3224 Britonum
950 3161 1166 3243 exspiravit!
1199 3160 1275 3226 Nec

325 3276 434 3335 mora,
460 3266 629 3322 venerunt
658 3259 770 3323 nuntii
800 3278 918 3324 casum
948 3261 1041 3343 regis
1069 3260 1275 3340 iudicantes,

324 3364 359 3421 et
391 3358 505 3440 ipsum
528 3357 604 3441 jam
633 3359 677 3421 ab
705 3359 875 3442 episcopis
901 3368 936 3424 et
962 3361 1144 3426 abbatibus
1176 3362 1275 3445 regni

323 3457 419 3539 regio
445 3477 540 3521 more
565 3459 737 3541 sepultum
767 3458 858 3525 infra
878 3459 1050 3526 choream
1079 3461 1275 3545 gigantum,

321 3576 425 3640 quam
443 3558 517 3640 ipse
534 3558 608 3623 fieri
624 3559 819 3642 imperavit.

513 3731 562 3796 De
578 3732 770 3797 coronatione
791 3733 1071 3820 Utlepeadropoo.

371 3853 475 3920 Anno
498 3854 622 3936 gratiae
644 3874 866 3923 ccccxcvru.
885 3853 1108 3924 ¹Anastesius
1124 3860 1215 3925 sedit
1236 3862 1270 3925 in

319 3952 484 4018 cathedra
508 3955 669 4020 Romana
695 3976 786 4022 auno
817 3979 885 4024 uno
910 3961 1084 4024 mensibus
1108 3960 1267 4026 undecim

496 4198 502 4228 ¹
514 4199 682 4265 donamina]
701 4202 743 4252 He
754 4203 814 4252 died
828 4207 857 4252 17
870 4203 1014 4255 November
1025 4209 1084 4255 498.
1108 4264 1114 4269 ,
