2888 4852
320 438 385 503 134
575 450 709 501 ucesiu
732 452 779 498 nn
802 451 1010 499 wunoovmt

320 610 391 674 lum
419 608 612 689 interfecit3
644 607 779 687 deinde,
811 629 889 672 cum
912 628 1003 672 anno
1028 609 1166 690 integro
1192 627 1274 691 pro-

320 710 453 774 vincias
470 708 855 774 Northanhumbrorum
877 711 1011 791 tragica
1032 708 1127 772 caede
1143 708 1273 772 dilace-

322 816 427 887 raret,
452 810 591 874 tandem
610 809 813 873 Eansridum
837 810 1032 874 inconsulte
1054 809 1097 872 ad
1121 828 1158 871 se
1175 809 1273 872 veni·

322 918 436 974 entem
460 929 537 974 cum
560 910 727 973 militibus
741 909 920 974 duodecim
935 908 1154 993 postulandae
1176 909 1274 992 pacis

322 1011 437 1092 gratia
453 1009 556 1074 simili
573 1017 666 1074 sorte
680 1008 869 1074 damnavit

468 1184 629 1249 Oswoldus
643 1206 734 1270 super
748 1184 809 1249 duo
826 1205 919 1270 rayno
934 1191 1135 1248 ammatur.

161 1326 273 1367 noos
374 1307 478 1373 Anno
496 1310 618 1390 metire
630 1326 802 1373 ncxxxv.
813 1303 1009 1373 ¹0swaldus
1024 1326 1169 1390 regnum
1181 1304 1274 1370 Nor-

162 1376 307 1467 i'r'isslrissm
325 1407 632 1473 thanhumbrorum
654 1411 827 1492 integrum
852 1410 1043 1492 suscipiens
1061 1426 1184 1471 novem
1211 1425 1273 1469 an-

163 1477 253 1517 umb'h'
326 1509 380 1572 nis
402 1510 534 1588 tenuit3
558 1511 618 1593 qui
643 1529 726 1574 mox
750 1517 791 1572 ut
811 1509 911 1573 fidem
939 1515 1083 1590 augeret
1105 1507 1144 1571 in
1164 1526 1275 1587 regno
1358 1514 1361 1519 ’

325 1629 402 1686 suo,
424 1610 517 1674 misit
542 1611 577 1673 in
600 1610 750 1674 Scotiam
774 1611 834 1674 ubi
857 1610 1062 1673 exulaverat
1083 1615 1118 1671 et
1140 1607 1277 1689 accepit

326 1710 523 1792 pontificem
554 1708 729 1774 Aidanum
771 1729 906 1792 magnae
944 1708 1118 1790 religionis
1148 1708 1274 1772 virum.

163 1809 491 1918 affingbhorvenienti
524 1811 632 1892 igitur
658 1811 820 1893 episcopo
849 1830 911 1873 rex
938 1808 1122 1873 Oswaldus
1156 1808 1273 1871 sedem

165 1887 235 1967 iamsi
250 1879 278 1919 ¹⁸⁴
327 1910 558 1992 episcopalem
581 1911 616 1973 in
647 1910 762 1973 insula
789 1909 1062 1973 Lindisfarnensi
1091 1907 1273 1972 concessit.

329 2011 398 2075 Ubi
421 2011 526 2091 igitur
542 2010 627 2073 fides
643 2011 751 2092 coepit
764 2010 916 2086 dilatari,
935 2009 1079 2091 contigit
1095 2015 1146 2085 ut,
1165 2027 1273 2072 cvan-

326 2110 497 2191 gelizante
515 2107 662 2186 Aidano,
679 2111 739 2191 qui
756 2108 942 2191 Anglicum
960 2108 1109 2192 perfecte
1131 2128 1200 2171 non
1211 2126 1274 2171 no·

326 2217 438 2286 verat,
460 2209 535 2292 ipse
559 2230 622 2273 rex
649 2210 721 2272 suis
748 2209 893 2273 ducibus
917 2216 953 2273 et
973 2208 1140 2272 ministris
1165 2208 1273 2271 inter-

327 2327 406 2391 pres
421 2309 586 2373 existeret
599 2330 608 2387 3
626 2309 732 2391 longo
748 2310 839 2372 enim
854 2307 951 2373 exilii
968 2309 1021 2372 sui
1038 2316 1192 2390 tempore
1207 2308 1273 2371 lin·

222 2475 224 2478 ⁴
326 2427 430 2489 guam
453 2408 635 2473 Scotorum
663 2409 763 2491 plene
789 2409 977 2489 didicerat3
1007 2407 1097 2472 unde
1114 2408 1274 2489 contigit,

327 2509 418 2572 utin
434 2509 532 2572 brevi
547 2508 632 2573 adeo
648 2508 733 2573 fides
751 2517 932 2586 cresceret,
949 2516 988 2572 ut
1003 2509 1041 2572 in
1054 2508 1195 2590 regione
1213 2508 1275 2571 illa

327 2606 523 2672 incredulus
550 2608 666 2672 nullus
687 2610 910 2673 inveniretur.
964 2609 1051 2673 Erat
1070 2615 1184 2671 autem
1207 2607 1274 2672 Os·

329 2708 462 2773 waldus
486 2707 578 2772 filius
605 2709 696 2791 regis
711 2708 911 2787 Athelsridi,
931 2716 966 2772 et
983 2708 1090 2772 frater
1105 2707 1274 2781 Eanfridi,

284 2830 291 2843 ·
330 2809 420 2873 unde
430 2808 497 2873 duo
512 2828 619 2891 regna
635 2809 826 2892 suscipiens
837 2809 1043 2874 laudabilem
1055 2809 1090 2871 iu
1102 2809 1153 2872 eis
1165 2808 1274 2872 vitam

329 2911 475 2992 peregit.
500 2909 580 2973 Hoc
594 2929 731 2992 quoque
746 2929 837 2973 anno
853 2910 979 2973 missus
993 2916 1047 2973 ast
1060 2906 1194 2985 Penda,
1211 2927 1274 2973 rex

329 3008 550 3086 Merciorum,
577 3029 599 3073 a
622 3008 845 3074 Cadwallone
867 3029 947 3091 rege
973 3010 1168 3085 Britonum,
1195 3027 1273 3073 cum

327 3110 480 3173 maxima
495 3110 596 3193 copia
610 3118 834 3187 armatorum,
850 3110 886 3173 in
903 3110 1078 3191 regionem
1095 3108 1274 3173 Northan·

327 3207 561 3286 humbrorum,
596 3218 636 3273 ut
665 3210 874 3274 interficeret
910 3230 1026 3292 regem
1061 3209 1274 3274 Oswaldum.

167 3319 288 3410 {³¹:323ng
326 3307 567 3373 AtOswaldus
577 3308 820 3374 dumaPenda
829 3309 865 3373 in
876 3310 953 3374 loco
962 3303 1275 3393 qui²‘Hefenfeld,'

326 3408 444 3483 idest,
463 3408 621 3474 Caelestis
642 3429 797 3493 campus,
819 3411 1052 3494 impeteretur,
1069 3410 1206 3492 signum
1223 3410 1274 3474 vi·

327 3507 439 3572 vificas
453 3510 563 3573 crucis
579 3510 737 3574 manibus
753 3511 825 3573 suis
842 3511 966 3586 erexit,
978 3530 1019 3574 ac
1033 3510 1143 3575 soveae
1165 3510 1275 3593 impo-

328 3608 432 3673 sitam
455 3609 642 3692 cespitibus
673 3610 833 3674 firmavit.
886 3609 1187 3674 commilitonibus
1209 3629 1273 3673 au·

328 3716 397 3772 tem
408 3708 546 3785 indixit,
562 3717 602 3773 ut
618 3729 778 3792 suprema
791 3730 877 3775 voce
890 3730 1008 3774 omnes
1022 3710 1097 3774 haec
1106 3711 1213 3774 verba
1229 3710 1276 3774 ad¹

329 3809 443 3872 Deum
466 3810 667 3886 clamarent,
691 3810 912 3875 ‘Flectamus
945 3830 1060 3892 genua
1091 3810 1134 3873 ad
1161 3810 1275 3874 Deum

327 3909 491 3986 universi,
516 3911 696 3992 ipsumque
721 3909 757 3972 in
783 3930 962 3974 commune
979 3911 1212 3993 deprecemur,
1236 3919 1275 3974 ut

365 4112 370 4140 ¹
384 4114 512 4161 oswaldus
530 4109 656 4180 regnum]
674 4115 727 4163 Tho
746 4131 786 4164 ac·
846 4112 1022 4180 maseuseld]
1042 4117 1089 4165 For
1101 4118 1143 4166 ne
1153 4119 1275 4167 situation

324 4187 400 4231 count
417 4183 444 4232 oi
462 4184 568 4233 Oswald
587 4185 608 4233 is
628 4185 705 4234 taken
725 4185 785 4234 from
812 4185 840 4233 ot
845 4186 895 4235 this
904 4187 985 4248 ploce,
993 4202 1035 4237 see
1044 4187 1146 4237 Smith’s
1154 4188 1273 4251 Append.

326 4252 407 4315 Beda,
418 4253 454 4303 iii.
466 4254 480 4316 t
493 4259 549 4316 162,
560 4270 623 4318 seqq.
812 4255 866 4306 xiii.
877 4272 902 4318 p.
915 4261 972 4306 720.
