2888 4852
313 408 382 474 262
567 424 703 473 rocam
727 424 775 472 nn
798 421 1003 473 wannovsa

315 583 440 648 clausit
462 590 667 661 extremum,
689 584 789 669 cujus
814 603 941 667 corpus
967 583 1060 668 apud
1082 582 1202 647 villam
1225 583 1269 645 de
1368 614 1371 619 ·

318 683 511 748 Bedeforda
527 685 692 762 delatum,
708 685 744 747 in
766 683 901 766 capella
914 683 1064 766 quadam
1087 689 1190 747 extra
1211 701 1270 745 ur·

317 784 408 861 bem,
423 803 531 867 snpra
547 784 658 867 ripam
674 782 778 848 Uscae
793 784 943 847 fluminis
962 784 1044 860 sita,
1058 799 1154 846 moro
1171 782 1269 863 regio

319 882 444 946 dicitur
459 883 565 947 fuisse
586 883 772 966 sepultum.
825 883 947 948 Refert
968 890 1085 948 antem
1107 882 1269 964 usquein

319 981 521 1046 hodiernum
543 982 635 1047 diem
658 983 811 1047 omnium
835 983 906 1047 sere
928 980 1270 1067 comprovincialium

320 1080 456 1156 relatio,
484 1082 576 1164 quod
599 1082 735 1164 capella
757 1081 906 1165 praefata
928 1082 1123 1164 longousu
1145 1088 1181 1145 et
1197 1081 1271 1145 vio·

320 1180 429 1244 lentio
444 1180 537 1245 illius
553 1182 705 1245 fluminis
727 1183 774 1246 sit
794 1182 978 1258 subversa·
988 1187 1094 1264 atquc
1114 1179 1192 1264 ejus
1208 1196 1271 1244 ra-

320 1280 485 1362 pacitate,
513 1300 592 1345 cum
621 1282 699 1364 ipso
726 1282 819 1364 regis
850 1281 1046 1364 sepulchro,
1074 1279 1112 1344 ln
1136 1279 1270 1343 tlumon

320 1379 564 1462 praecipitatu
596 1380 687 1444 unde
715 1388 751 1446 et
776 1382 946 1463 usquein
975 1396 1129 1465 praesens
1155 1379 1271 1462 scpul-

320 1477 440 1542 chrum
464 1479 563 1558 illud,
585 1481 630 1544 ab
651 1480 848 1545 hominibus
873 1480 952 1558 loci,
969 1487 1125 1563 temporo
1147 1479 1271 1543 aestivo

321 1577 447 1642 ibidem
476 1579 729 1657 balneantibus,
761 1579 968 1663 quandoque
997 1581 1035 1644 in
1065 1595 1166 1662 aquae
1190 1596 1271 1662 pro·

322 1676 494 1743 funditate
508 1678 648 1743 videtur
665 1698 742 1743 esse
759 1680 996 1762 conspicuum,
1011 1686 1048 1743 et
1064 1677 1272 1762 quandoque

321 1775 404 1841 licet
434 1777 696 1860 diligentissime
726 1785 916 1861 quaeratur,
942 1795 984 1843 uc
1011 1776 1041 1843 si
1070 1795 1126 1842 ros
1155 1778 1273 1842 totalis

322 1883 427 1955 essct,
445 1894 515 1941 non
532 1877 718 1943 invenitur.
770 1877 945 1943 Successit
961 1885 1077 1942 autem
1097 1876 1185 1941 Offae
1199 1879 1275 1959 regi

323 1976 562 2041 strenuissimo
575 1977 612 2041 in
627 1996 772 2060 regnum
790 1970 972 2060 'Egiridus
987 1977 1079 2042 iilius
1096 1974 1184 2061 ejus,
1200 1977 1273 2060 qui,

323 2083 424 2158 patre
440 2075 636 2155 vinemari
652 2084 926 2160 conregnaverat
942 2078 1043 2141 aunis
1059 2083 1150 2141 octo.
1187 2069 1277 2160 'Eg-

323 2173 433 2239 iridus
456 2195 539 2258 ergo
558 2175 699 2259 juvenis
725 2177 886 2259 egregius
906 2184 942 2241 et
964 2175 1070 2240 animi
1092 2175 1274 2241 nobilitate

323 2274 504 2356 praeditus,
521 2276 680 2357 protinus
694 2295 771 2340 cum
785 2276 908 2340 suisset
923 2276 959 2339 in
973 2295 1081 2357 reguo
1094 2274 1277 2340 confirma·

325 2379 395 2458 tus,
412 2367 487 2456 ’pia
512 2373 622 2456 patris
642 2374 798 2440 imitatus
818 2374 978 2457 vestigia,
1003 2370 1157 2440 ecclesiae
1181 2375 1275 2439 beati

323 2469 465 2550 Albani,
475 2470 668 2554 Anglorum
683 2475 960 2558 protomartyris,
976 2481 1087 2539 terras
1099 2473 1227 2539 multas
1241 2483 1277 2540 et

323 2572 560 2655 possessiones
580 2572 727 2639 devotus
749 2575 907 2652 contulit,
930 2574 1078 2657 illasque
1098 2591 1176 2638 cum
1197 2574 1274 2638 aliis

324 2672 496 2749 omnibus,
513 2688 601 2754 quas
621 2679 721 2757 pater
744 2674 822 2759 ejus
839 2674 994 2738 ecclesiae
1016 2673 1171 2757 praesatae
1193 2693 1275 2739 con·

324 2771 464 2849 tulerat,
492 2789 570 2836 cum
602 2774 762 2837 omnibus
791 2774 1009 2838 libertatibus
1038 2773 1156 2856 regiis,
1187 2792 1276 2856 quas

323 2870 501 2935 liberiores
518 2872 635 2949 habet,
653 2873 708 2936 vel
732 2873 835 2937 alicui
858 2874 1013 2937 ecclcsiae
1035 2873 1191 2937 conferre
1212 2891 1276 2957 po·

324 2976 405 3049 test,
423 2989 486 3035 suo
503 2971 686 3054 privilegio
705 2972 922 3037 confirmarit
942 2980 978 3038 et
994 2973 1069 3058 ejus
1083 2972 1274 3052 donationi,

322 3077 362 3157 ttt
377 3076 554 3154 perpetuae
572 3071 746 3135 firmitatis
769 3075 875 3136 robur
888 3065 1071 3151 obtineret,
1081 3071 1187 3156 juxta
1200 3093 1274 3139 mo·

323 3184 395 3233 rem
410 3170 565 3234 ecclesiae
583 3170 766 3250 Romanae,
781 3173 933 3235 omnium
949 3173 1201 3257 episcoporum,
1217 3191 1275 3238 co-

322 3269 443 3334 mitum
471 3277 506 3334 et
532 3271 700 3334 baronum
724 3272 833 3336 totius
858 3271 993 3354 imperii
1018 3273 1072 3336 sui
1101 3272 1275 3356 subscrip-

321 3369 450 3433 tionem
473 3376 509 3432 et
531 3371 667 3450 siguum
686 3372 797 3434 crucis
814 3371 987 3454 adposuit.
1040 3372 1088 3435 Et
1103 3379 1274 3454 praeterea

321 3469 444 3551 patris,
467 3468 504 3530 in
528 3470 698 3547 omnibus,
720 3470 945 3553 cupiditatem
968 3470 1158 3551 declinans,
1177 3491 1274 3553 quae·

321 3585 468 3650 cumque
485 3567 544 3631 ille
561 3568 605 3631 ad
621 3570 868 3662 exaltatiopcm
880 3571 978 3652 regni
991 3570 1046 3634 sui
1059 3591 1104 3635 ex
1119 3571 1274 3636 diverso·

320 3686 397 3735 rum
413 3666 689 3750 possessionibus
706 3671 994 3735 monasteriorum
1012 3670 1275 3750 adtenuaverat,

320 3766 379 3829 ifle
403 3783 514 3849 prona
540 3768 725 3833 devotione
753 3771 918 3847 restituit,
943 3777 979 3834 et
1005 3790 1070 3834 suo
1092 3770 1276 3853 privilegio

355 3935 514 3999 'aglaum
533 3937 575 3986 He
590 3953 645 3987 was
652 3939 740 4002 joined
758 3940 784 3987 in
850 3935 1191 4003 ’Egiridurergojueerird
1208 3939 1282 3988 Com·

318 4005 361 4056 tbc
373 4012 534 4070 government
542 4009 604 4056 with
616 4008 656 4058 bis
667 4008 750 4058 father
758 4010 784 4058 in
813 4024 875 4072 pare
888 4010 1058 4072 Malmsbury‚
1068 4008 1081 4074 ξ
1092 4013 1133 4059 94.

319 4079 377 4138 787,
384 4077 429 4126 but
440 4078 544 4140 reigned
556 4078 630 4128 alone
638 4079 696 4142 only
706 4095 722 4128 a
731 4079 784 4129 few
850 4077 922 4129 Ῥέα
931 4080 1028 4144 patris.
1038 4113 1045 4128 .
1056 4079 1177 4141 ,vestigio
1185 4072 1209 4145 3]
1222 4081 1282 4141 ‘pa-

318 4147 426 4198 ncntbs.
813 4154 895 4198 ternas
923 4150 1088 4198 immanitatis
1106 4150 1215 4211 vestigia
1238 4149 1281 4198 dc·

812 4220 910 4270 clinans
920 4221 936 4282 ς’
953 4220 1074 4270 blalmsb.
