2902 5332
368 418 434 486 506
623 438 757 486 noorai
781 439 828 485 nn
852 439 1058 488 wranovnn

368 613 482 658 meum
510 605 657 678 qnaerat,
683 605 719 660 et
744 597 923 660 inventum
952 596 1130 661 decentius
1153 597 1257 662 solito
1285 600 1321 662 in

368 695 488 758 eodem
506 696 658 761 oratorio
673 716 876 779 componere
891 717 960 761 non
975 695 1136 761 omittat!
1187 698 1323 780 Exper-

367 795 525 876 gelactus
547 796 665 878 itaque
683 796 919 874 Eadmundus,
937 803 972 860 et
993 797 1185 861 derisione
1207 798 1320 861 lactifi-

368 903 480 970 catus,
497 914 631 959 summo
647 896 799 959 diluculo
820 896 1015 979 pontificem
1038 896 1124 959 adiit
1143 904 1179 961 et
1197 898 1320 961 seriem

367 995 511 1058 visionis
522 995 572 1058 illi
584 1004 781 1060 reverenter
793 995 977 1079 expressit.
1011 996 1176 1059 Pontifex
1190 1005 1319 1074 autem,

367 1093 422 1157 his
448 1094 587 1172 auditiS,
611 1094 773 1159 ineffabili
800 1096 929 1176 gaudio
954 1096 1140 1172 exultavit,
1165 1103 1201 1161 et
1222 1116 1320 1160 reve·

368 1200 484 1258 uenter
512 1194 556 1259 ed
587 1196 700 1258 locum
729 1195 871 1258 veniens
905 1196 1071 1279 populum
1100 1196 1246 1260 multum
1274 1197 1319 1260 de

367 1295 525 1375 partibus
547 1295 688 1358 remotis
708 1293 833 1359 ibidem
852 1303 1099 1376 congregatum
1122 1296 1266 1373 invenit,
1282 1304 1320 1359 et

367 1393 411 1457 ad
438 1393 597 1476 praesulis
626 1394 839 1471 mandatum,
868 1394 961 1457 facta
989 1395 1033 1458 ab
1057 1395 1215 1458 omnibus
1241 1414 1321 1459 ora-

367 1493 473 1570 tione,
504 1493 646 1557 oratorii
677 1493 912 1576 pavimentum
949 1493 1064 1557 fodere
1100 1494 1318 1576 incipientes,

366 1592 476 1656 multo
498 1593 567 1656 diei
589 1593 703 1674 spatio
726 1593 878 1670 evoluto,
902 1591 988 1655 nibil
1003 1593 1190 1675 quaerendo
1211 1593 1318 1675 profi-

366 1692 483 1771 cinnt3
522 1712 625 1774 porro
662 1692 827 1756 confusus
860 1691 1084 1755 Eadmnndus
1115 1692 1159 1755 de
1190 1693 1319 1777 injuria

365 1791 489 1867 sancti,
517 1799 660 1874 accepto
688 1792 817 1872 ligone,
847 1793 883 1854 in
907 1791 996 1868 loco,
1022 1791 1082 1854 ubi
1107 1810 1226 1856 omnes
1254 1792 1316 1857 diu

365 1889 536 1967 foderant,
559 1892 712 1954 animose
738 1899 864 1955 terram
893 1891 1076 1973 percussit,
1099 1899 1134 1954 et
1155 1892 1226 1954 ictu
1249 1892 1316 1956 ite·

365 1998 442 2053 rato
467 1991 631 2054 laminam
657 1991 846 2073 sepultura)
870 1988 1023 2066 offendit,
1049 1997 1096 2066 et,
1120 1989 1233 2073 lapide
1260 2012 1316 2055 re-

363 2090 476 2167 vulso,
494 2091 665 2173 pretiosas
684 2091 848 2172 reliquias
874 2089 1029 2170 gaudens
1051 2090 1194 2153 invenit.
1246 2090 1315 2154 Le-

363 2197 466 2254 vatur
491 2191 599 2270 igitur
621 2210 642 2253 a
665 2189 812 2272 praesule
840 2209 964 2271 corpus
989 2190 1256 2267 sanctissimum,
1278 2200 1316 2255 et

363 2288 517 2371 ejusdem
548 2290 708 2372 praesulis
744 2290 902 2353 manibus
940 2289 1048 2352 lotum
1084 2297 1120 2352 et
1157 2289 1313 2372 syndone

362 2388 491 2452 munda
517 2389 711 2453 involutum
743 2389 778 2452 in
811 2389 887 2453 loco
914 2387 1129 2451 eminentiori
1159 2389 1315 2453 ecclesiae

361 2487 547 2552 honorifica
574 2498 627 2552 est
654 2489 829 2567 locatnm;
858 2489 972 2552 lotura
1001 2507 1139 2570 qnoque
1154 2489 1312 2554 ¹sanctis·

360 2586 438 2650 simi
468 2588 622 2670 corporis
654 2589 689 2651 in
722 2588 851 2669 angulo
884 2588 1039 2664 oratorii,
1062 2588 1224 2669 episcopo
1250 2587 1312 2671 ju-

359 2687 474 2763 bente,
491 2687 600 2750 effusa
621 2688 738 2751 multis
761 2695 883 2769 postea
902 2705 971 2749 non
987 2686 1099 2749 solum
1115 2686 1311 2753 bominibus

360 2787 419 2850 sed
450 2787 555 2850 etiam
590 2787 796 2850 animalibus
827 2786 967 2869 profuit,
996 2785 1096 2869 cujus
1127 2787 1242 2869 pulvis
1272 2790 1309 2851 in

359 2905 451 2968 aqua
472 2886 569 2951 fusus
592 2895 627 2950 et
648 2894 789 2969 potatus
811 2885 938 2949 multos
961 2904 983 2947 a
1005 2887 1110 2948 variis
1133 2886 1310 2968 languori-

358 2986 423 3048 bus
451 2986 615 3050 liberatos
645 2987 799 3069 pristinae
832 2986 984 3049 restituit
1010 2987 1164 3049 sanitati.
1217 2986 1311 3051 Acta

324 3099 336 3119 ·
359 3093 474 3148 autem
497 3096 580 3150 sunt
606 3086 679 3149 haec
701 3086 912 3168 apassionis
934 3084 1009 3166 ejus
1033 3104 1125 3148 anno
1144 3087 1308 3168 quadrin-

358 3186 549 3266 gentesimo
567 3185 836 3268 quartodecimo,
855 3186 976 3266 quinto
994 3184 1070 3248 idus
1090 3185 1221 3249 Martii.

417 3360 466 3422 De
481 3359 612 3444 quodum
627 3355 777 3423 miraculo
794 3358 980 3443 capillorum
995 3359 1097 3422 suncti
1114 3360 1241 3423 Oswioi.

270 3516 289 3546 ο.
407 3483 430 3547 J
434 3477 566 3548 aditha¹
588 3484 775 3560 comitissa,
802 3502 892 3546 uxor
916 3482 1041 3558 Tostii,
1066 3503 1143 3565 quaa
1166 3485 1210 3546 ab
1233 3484 1306 3565 epi-

356 3603 461 3664 scopo
479 3584 522 3646 ad
542 3584 630 3646 hanc
646 3584 877 3647 inventionem
895 3583 1053 3663 pergenti
1070 3584 1223 3664 aliquam
1240 3584 1305 3647 sibi

356 3682 398 3746 do
412 3684 542 3746 sanctis
563 3683 716 3764 reliqniis
735 3683 988 3765 portiunculam
1008 3681 1083 3745 dari
1104 3683 1305 3764 postulave-

356 3790 422 3861 rat,
438 3803 483 3845 ex
504 3783 637 3864 capillis
660 3783 772 3845 sancti
795 3783 955 3863 martyris
971 3783 1108 3863 penitus
1128 3782 1307 3865 incorrup-

355 3884 413 3960 tis,
437 3903 480 3945 ex
501 3883 590 3946 dono
611 3882 732 3963 ipsiuS,
754 3901 914 3961 magnam
935 3883 1128 3964 portionem
1150 3884 1305 3964 accepit3

353 3980 432 4064 duae
455 3983 634 4064 quosdam,
661 3989 784 4044 sancta
810 3982 992 4044 devotione
1016 3981 1170 4058 inducta,
1198 3982 1307 4045 voluit

465 4229 470 4257 ¹
484 4230 611 4293 surtran]
629 4231 752 4290 Compare
764 4230 806 4278 the
817 4230 860 4279 lise
874 4232 905 4290 by
916 4230 1058 4292 Capgrnre,
1069 4231 1153 4279 cclvii.
1165 4232 1190 4279 b.
