2888 4852
411 435 545 483 rnonns
570 435 838 486 ursronmnun.
1036 423 1100 488 331

153 594 260 671 vitiis,
278 614 346 657 non
357 595 469 658 solum
485 613 593 677 panes
610 593 750 676 giravit,
760 615 879 660 verum
893 595 999 660 ctiam
1014 597 1102 661 bene

154 701 272 758 coctos
287 701 323 758 et
340 693 494 777 integros
519 694 655 757 mulieri
676 695 875 778 resignavit
929 693 1017 758 Cum
1040 715 1102 759 au·

154 800 225 855 tem
248 813 311 856 rex
330 792 493 858 All'redus
515 814 594 857 cum
616 795 762 859 subulco
786 795 882 858 solus
904 793 1103 858 demoratus

155 890 290 970 suisset,
307 901 542 958 convenerunt
559 894 603 957 ad
626 913 703 957 eum
720 894 769 957 ibi
787 894 887 958 multi
905 913 949 957 cx
963 894 1105 958 commi·

156 990 321 1056 litonibus
336 991 425 1076 ejus,
433 993 505 1070 nbi,
516 1013 598 1075 rege
609 993 775 1070 dictante,
786 994 984 1057 firmitatem
997 1013 1106 1076 qnan-

155 1088 235 1153 dam
253 1091 406 1155 turribus
422 1099 458 1157 et
474 1093 743 1175 propugnaculis
760 1093 928 1156 munitam
948 1100 1105 1157 constru-

156 1197 252 1253 entes
269 1190 427 1256 assiduas
443 1191 479 1255 in
496 1191 614 1257 hostes
630 1192 841 1275 irruptiones
857 1191 1024 1257 fecerunt.

177 1362 220 1429 Ut
233 1385 287 1429 rec
300 1366 454 1452 Alsredas
470 1387 491 1431 a
505 1375 608 1431 macto
623 1365 741 1431 Ncotdo
753 1374 915 1453 rubetaque
931 1363 1091 1432 Carthalo

504 1465 695 1549 confortatas
710 1473 762 1530 cst.

208 1580 383 1669 Contigit¹
416 1586 536 1651 eodem
567 1594 721 1669 tempore
758 1607 875 1670 regem
914 1587 1107 1666 Alsredum,
1121 1609 1262 1651 senam-

157 1695 316 1750 sanctum
335 1685 524 1763 Neothnm,
537 1687 598 1769 qui
621 1693 704 1751 tunc
724 1687 815 1769 apud
831 1687 1028 1752 Hamstoke
1050 1707 1107 1752 so·
1120 1661 1270 1750 imm

158 1786 308 1850 litariam
337 1786 464 1883 agebat
479 1786 599 1863 vitam,
627 1786 865 1851 aedificationis
888 1787 1002 1869 gratia
1027 1760 1231 1851 visi-cmm

160 1892 259 1964 tare3
283 1905 385 1966 quem
402 1886 457 1950 vir
478 1885 546 1949 Dei
564 1884 724 1950 Neothus
749 1886 841 1950 inter
866 1887 935 1950 alia
960 1886 1109 1950 familia·

159 1985 273 2049 ritatis
300 1984 474 2066 colloquia
499 1985 625 2049 acriter
655 1985 698 2049 de
725 1986 798 2049 suis
831 1985 949 2068 pravis
974 1987 1109 2050 actibus

160 2084 364 2167 increpavit,
381 2102 504 2167 poenas
521 2084 611 2167 ignis
627 2086 747 2148 aeterni
763 2085 934 2168 adposuit,
949 2092 1110 2168 potentes

160 2190 320 2266 potenter
343 2191 516 2248 tormenta
538 2203 700 2266 passuros
731 2185 895 2261 ostendit,
922 2191 958 2248 et
982 2192 1110 2267 praeter

162 2283 237 2346 haec
252 2283 464 2361 omniafere,
481 2304 560 2367 quse
575 2282 608 2347 ei
633 2283 797 2348 adfutura
821 2291 933 2361 erant,
950 2303 1109 2366 praesago

162 2383 286 2465 spiritu
311 2384 490 2448 revelavit.
536 2380 613 2447 ‘Ab
634 2383 854 2461 adversariis,
876 2382 964 2460 rex,'
984 2384 1109 2465 inquit,

162 2482 293 2546 ‘multa
306 2484 448 2565 pateris,
465 2482 526 2548 sed
540 2483 653 2547 adhuc
667 2483 778 2548 multa
799 2483 934 2567 majora
946 2482 1109 2566 patieris;

162 2601 243 2645 nam
268 2601 389 2662 regno,
413 2602 483 2664 quo
513 2590 637 2661 tumeS,
664 2603 735 2665 quo
761 2582 1020 2647 immoderatam
1050 2581 1110 2646 de·

162 2680 361 2745 bacchando
376 2681 592 2764 tyrannidem
610 2701 762 2757 exerces,
780 2681 871 2745 unde
887 2689 968 2746 ante
983 2680 1111 2746 divinar

163 2780 356 2864 majestatis
371 2780 548 2857 intuitum,
562 2781 621 2845 ubi
636 2780 776 2844 humilis
791 2800 958 2863 apparere
969 2778 1112 2845 deberes

163 2888 199 2943 et
223 2899 293 2943 non
317 2878 416 2956 sacis,
443 2898 464 2943 a
490 2880 651 2961 gentibus
674 2878 851 2943 Christum
872 2879 1113 2961 ignorantibus

163 2977 393 3056 insestaberis,
407 2985 443 3042 et
460 2978 519 3043 vix
535 2978 580 3042 ab
595 2978 665 3041 illis
680 2978 831 3043 evadens
847 2979 1014 3061 profugus
1029 2978 1111 3043 lati·

163 3078 267 3156 tabia,
281 3078 400 3160 sicque
413 3098 475 3161 per
490 3078 564 3142 dies
580 3077 713 3160 aliquot
724 3078 877 3160 peccatis
892 3078 1112 3160 exigentibus

164 3178 403 3262 permanebis;
426 3177 485 3241 sed
502 3184 617 3242 tamen
634 3176 726 3259 apud
743 3178 857 3241 Deum
878 3176 1036 3260 precibus
1051 3179 1113 3243 ob-

164 3277 265 3354 tinui,
290 3276 434 3359 quodsi
456 3285 491 3341 te
515 3296 537 3341 a
557 3277 625 3341 tuis
646 3277 749 3340 saevis
769 3276 955 3340 retraxeris
976 3277 1111 3343 actibus

165 3384 201 3441 et
234 3377 385 3440 libidinis
417 3375 594 3453 incendiis,
624 3375 736 3441 adhuc
764 3376 1006 3441 misericordiae
1039 3397 1113 3443 sues

165 3477 299 3540 vultum
326 3495 430 3558 super
456 3483 491 3539 te
512 3475 714 3557 praetendet,
737 3482 944 3558 sceptroque
965 3475 1112 3558 pristino

166 3584 201 3640 et
227 3575 447 3657 prosperitati
475 3574 658 3639 restituet'
714 3575 792 3638 Rex
818 3594 967 3657 quoque,
990 3595 1068 3639 cum
1090 3594 1113 3639 a

165 3674 295 3739 samulo
321 3673 388 3738 Dei
418 3673 492 3739 haec
522 3673 774 3740 exhortationis
803 3677 910 3739 verba
940 3673 1115 3740 humiliter

165 3774 407 3851 intellexisset,
429 3780 533 3856 atque
556 3793 689 3839 morum
713 3774 986 3839 emendationem
1010 3774 1114 3838 certis

167 3875 410 3956 sponsionibus
427 3875 654 3957 promisisset,
676 3881 820 3956 accepta
836 3874 902 3938 viri
921 3873 988 3937 Dei
1010 3875 1114 3938 bene·

202 4077 210 4109 ¹
223 4079 336 4140 Contigit
347 4081 427 4128 eodem
438 4074 564 4146 tempora]
576 4080 630 4128 The
655 4086 722 4141 rent3
739 4081 848 4131 allusion
868 4081 989 4143 probably
1001 4083 1024 4129 is
1041 4082 1115 4132 made

168 4149 264 4198 rebuke
281 4149 310 4198 ot
325 4149 352 4197 S.
372 4150 449 4210 Neot,
467 4164 497 4198 as
515 4149 574 4198 here
593 4164 631 4198 re-
656 4156 681 4199 to
703 4152 723 4198 it
741 4152 767 4200 in
789 4150 831 4200 the
853 4151 897 4201 life
914 4151 943 4200 ol
955 4150 1070 4215 Aelsred,
1087 4166 1114 4214 p.

168 4220 247 4281 lated,
258 4221 281 4267 is
292 4223 334 4268 not
345 4218 398 4267 told
414 4219 448 4281 hy
460 4221 539 4268 Aeser
549 4234 577 4268 or
588 4218 630 4268 the
656 4224 696 4268 ³1.
