2888 4852
359 423 425 489 402
616 438 751 487 nocem
775 438 822 486 nu
845 436 1052 486 wnuuovnn

361 603 494 678 gentes,
509 588 692 662 ¹Eilricum
709 596 894 680 quendam,
911 597 1046 661 Danica
1059 593 1168 678 stirpe
1183 608 1314 675 proge-

360 696 484 774 nitum,
499 707 654 780 superse
671 716 786 780 regem
802 702 1011 762 statuerunt.

437 867 480 932 Ut
494 888 549 932 rec
562 867 728 933 Eudrcdac
741 867 834 934 coac
847 890 916 934 cccc
924 876 1064 956 pomtcr
1078 862 1245 951 subjecerit.

200 1010 311 1052 nomn.
413 990 517 1056 Anno
532 993 672 1058 Domini
695 985 1034 1058 uccccxnv111.²rex
1053 987 1231 1054 Eadredns
1249 1005 1316 1069 pro

200 1058 352 1152 hh‘ihhmdfl'
362 1091 566 1157 infidelitate
597 1092 1017 1157 Northanhumbrensium
1045 1090 1141 1154 illam
1168 1086 1313 1171 provin-

202 1162 293 1202 ΝΜ
364 1191 453 1254 ciam
476 1191 685 1269 devastavit,
710 1192 746 1257 in
770 1199 897 1275 quaet
920 1189 1166 1256 monasterinm
1190 1188 1226 1250 in
1248 1185 1315 1249 Ri-

363 1310 447 1373 pun,
462 1309 483 1354 a
497 1299 619 1356 sancto
633 1290 803 1357 Wilsredo
822 1291 904 1355 olim
919 1297 1167 1365 constructum,
1186 1292 1239 1350 est
1256 1286 1313 1366 ig·

364 1389 466 1454 nibus
490 1399 765 1470 concrematum3
799 1391 872 1469 sed,
894 1411 975 1474 rege
998 1389 1189 1464 recedente,
1213 1405 1317 1449 exer-

364 1489 454 1554 citus
468 1483 523 1554 ³de
540 1490 697 1556 Ebcraco
709 1511 904 1573 crumpens,
919 1492 954 1555 in
965 1497 1121 1554 extrema
1135 1492 1233 1570 parte
1248 1504 1314 1548 ex-

364 1590 492 1655 ercitus
508 1591 600 1673 regis
619 1591 764 1655 multam
780 1589 862 1656 lecit
876 1599 1039 1672 stragem.
1092 1587 1173 1651 Hoc
1195 1592 1313 1649 antem

364 1691 505 1771 cognito
522 1709 544 1754 a
557 1710 650 1772 rege,
667 1690 778 1754 redire
801 1690 984 1774 disposuit,
1002 1696 1037 1754 et
1052 1705 1171 1751 omnes
1193 1686 1315 1749 hostes

364 1806 446 1852 suos
469 1809 579 1872 nsque
600 1790 644 1854 ad
665 1810 772 1853 unum
795 1789 927 1870 delere;
950 1788 1010 1853 sed
1033 1807 1119 1870 gens
1136 1783 1315 1850 Northan-

364 1886 584 1953 humbrorum
602 1888 704 1954 valde
720 1888 914 1973 perterrita,
930 1889 1108 1964 Eilricum,
1121 1904 1222 1968 quem
1245 1883 1313 1947 sibi

364 2007 479 2070 regem
493 1988 733 2067 constituerat,
748 1988 964 2073 abjicientes,
980 1986 1129 2052 Eadredi
1147 1985 1238 2066 regis
1261 1984 1316 2046 in-

307 2125 317 2133 «
358 2086 472 2171 jurias
488 2087 677 2154 honoribus
699 2096 734 2153 et
756 2089 962 2154 detrimenta
978 2087 1177 2153 muneribus
1196 2083 1315 2148 cxsol-

361 2195 498 2252 verunt.

546 2361 597 2426 Dc
610 2359 716 2427 leot
730 2360 1128 2448 Aothrcpomorplitcrcm.

203 2500 313 2542 aomo.
415 2479 519 2549 Anno
534 2485 674 2550 Domini
698 2503 919 2551 nccccxmx.
935 2487 971 2549 in
986 2483 1092 2550 Italia
1114 2489 1238 2547 exorta
1260 2491 1314 2547 est

203 2551 340 2641 diffidis
364 2581 506 2648 haeresis
541 2582 986 2669 Anthropomorphitarum,
1021 2585 1082 2668 qui
1115 2602 1313 2666 corpoream

201 2652 348 2702 mmm
366 2684 479 2747 Deum
503 2683 629 2748 hahere
653 2684 797 2749 sormam
823 2685 1048 2762 contendunt,
1074 2692 1313 2765 contraquam

363 2776 575 2862 ‘Ritherius
589 2784 842 2849 Veronensium
860 2785 1055 2868 episcopua,
1073 2785 1124 2848 eis
1146 2790 1181 2847 et
1199 2783 1314 2847 verbis

363 2883 575 2948 reclamabat
588 2892 623 2949 et
639 2885 788 2967 scriptis.

641 3058 692 3122 Dc
705 3066 800 3122 morta
813 3056 932 3122 Edeta·
947 3056 1035 3143 repis.

200 3196 312 3289 mg.
413 3177 518 3246 Anno
533 3183 675 3247 Domini
692 3197 840 3245 uccccn.
858 3175 938 3246 ⁵rex
949 3182 1098 3245 Eilricus
1112 3180 1147 3244 in
1161 3178 1312 3263 quadam

200 3296 316 3387 mm.
362 3279 548 3345 solitudine
573 3300 652 3364 qnae
668 3278 881 3345 ‘Steinmor’
903 3281 1041 3359 dicitur,
1057 3301 1134 3344 cum
1152 3280 1224 3344 filio
1247 3299 1312 3343 suo

197 3395 250 3436 aas

396 3523 558 3591 ¹Eilricum,]
573 3529 655 3579 called
667 3531 693 3579 in
704 3530 747 3580 the
763 3531 824 3580 Sar.
851 3530 916 3593 loco,
943 3533 988 3593 qui
1019 3531 1113 3581 dicitur
1139 3529 1314 3593 Casterlord;’

361 3595 456 3648 Chrou.
464 3600 471 3626 ‘
480 3596 589 3660 Yricus,'
601 3600 652 3649 and
663 3602 696 3662 hy
705 3601 825 3651 Florence
850 3603 917 3651 Flor.

359 3663 467 3718 ‘Imus'
502 3668 556 3719 The
571 3668 663 3718 former
680 3670 767 3731 places
784 3671 824 3720 his
884 3670 1056 3735 ⁴Rithen'uc,]
1072 3670 1155 3720 called
1171 3669 1225 3720 also
1244 3672 1314 3722 ‘Ra-

360 3738 509 3799 usurpation
527 3739 553 3786 in
571 3741 628 3800 952,
647 3739 690 3788 the
707 3739 782 3789 latter
798 3741 824 3789 in
848 3741 957 3790 cheriue'
968 3741 1019 3789 and
1030 3742 1038 3770 ‘
1049 3736 1202 3790 liutherius!
1230 3741 1312 3804 Many

359 3810 419 3857 949.
455 3807 498 3856 lle
508 3822 563 3857 was
574 3808 616 3858 the
627 3823 671 3858 son
678 3808 707 3858 of
715 3811 823 3861 Harold.
848 3811 877 3860 os
885 3810 925 3860 his
935 3810 1022 3860 works
1039 3810 1103 3859 hnve
1115 3811 1177 3860 been
1189 3811 1312 3861 collected

361 3875 454 3926 Chron.
467 3877 553 3928 Mnilr.
848 3881 898 3930 und
917 3880 1016 3942 printed
1034 3881 1068 3941 by
1081 3876 1213 3942 D‘llchery
1226 3881 1252 3929 in
1268 3882 1312 3932 the

395 3943 474 3995 'Rex
496 3947 624 3996 Ecdredoa
648 3963 693 4011 pro
719 3947 824 4013 infideli·
847 3952 899 3999 tirct
909 3951 1008 3999 volume
1019 3951 1049 3999 oi
1056 3949 1098 3999 the
1108 3950 1283 4012 Spicilegium.

361 4013 435 4082 tota]
453 4016 515 4066 This
526 4017 631 4079 chapter
641 4019 664 4065 is
674 4017 751 4066 taken
759 4016 821 4067 from
882 4017 969 4069 ³32ae
990 4020 1133 4082 Eilricu]
1161 4020 1214 4069 'l'he
1241 4021 1313 4070 other

359 4085 491 4148 Florence,
500 4087 568 4148 who,
579 4087 705 4149 however,
721 4088 822 4138 recorda
847 4090 953 4152 English
965 4090 1100 4140 historiam
1111 4104 1155 4138 are
1166 4090 1241 4139 silent
1251 4107 1313 4140 con-

358 4155 401 4205 the
412 4162 499 4206 events
510 4157 642 4206 conmined
653 4157 679 4204 in
695 4159 715 4205 it
726 4157 752 4206 in
763 4161 821 4208 95⁰.
846 4162 949 4224 cerniug
959 4161 1001 4210 the
1013 4160 1089 4209 death
1100 4159 1130 4208 oi
1138 4160 1198 4208 Yric
1209 4161 1258 4210 und
1271 4161 1312 4210 hin

392 4221 454 4275 'De
473 4227 582 4277 Ehomco
599 4222 755 4296 aer'unqu]
780 4228 821 4277 ‘in
846 4243 900 4281 son.
