2888 4852
439 408 579 458 enonas
603 409 874 459 nrsronmnun.
1061 397 1127 462 141

177 637 320 704 Oswatdo
354 644 493 708 nucarii
525 643 560 707 ia
596 664 723 729 requam
754 644 973 709 Bomiciorum
1009 645 1130 709 Oswias

216 738 339 822 frater,
367 742 404 806 io
435 765 528 830 ropac
558 744 728 809 Deiroram
758 743 900 809 Oswioas
922 744 1017 828 filias
1049 745 1130 832 repis

228 840 341 904 Osrr'cr'.

225 962 331 1030 Anno
346 966 470 1048 gratie
484 985 619 1033 ncxnu
636 968 800 1034 Oswaldo
816 969 984 1034 successit
997 969 1033 1032 in
1048 989 1127 1051 reg·
1140 994 1194 1035 aa.
1204 996 1249 1035 sa.

177 1084 258 1129 num
291 1067 529 1132 Berniciorum
559 1067 698 1134 Oswius
727 1070 835 1133 frater
863 1070 951 1155 ejus,
975 1088 1126 1151 regnans
1139 1046 1261 1136 cciiii?

174 1185 253 1230 cnm
270 1166 388 1232 labore
414 1169 656 1251 annisviginti
673 1177 764 1234 octo.
811 1168 891 1248 Quo
911 1171 1016 1233 etiam
1039 1177 1127 1234 tem·

174 1285 259 1349 pore
274 1259 467 1345 ¹0swinus,
493 1267 583 1332 filins
607 1268 720 1333 Osrici
742 1269 846 1350 regis,
870 1289 1014 1352 regnum
1043 1269 1127 1333 Dei·

177 1386 293 1431 rorum
317 1369 522 1452 suscipiens,
541 1376 673 1453 septem
698 1370 799 1433 annis
825 1371 997 1451 regnavit.
1056 1367 1127 1434 Hic

176 1467 211 1530 in
226 1488 335 1551 regno
357 1471 566 1533 constitutus
581 1470 741 1535 omnibus
763 1489 801 1533 se
823 1470 1005 1533 amabilem
1029 1470 1127 1533 exhi·

176 1568 272 1648 buit3
297 1576 371 1633 erat
398 1570 488 1633 enim
511 1578 655 1653 aspectu
678 1570 866 1652 angelicus,
889 1576 1025 1633 statura
1047 1590 1128 1652 pro·

176 1687 287 1746 cerus,
316 1669 441 1734 affectu
464 1669 650 1754 jocundus,
682 1669 793 1734 civilis
822 1670 985 1745 moribus,
1021 1688 1127 1733 manu

177 1768 310 1851 largus,
323 1769 359 1833 in
377 1789 497 1834 mensa
512 1771 659 1847 sobrius,
674 1770 709 1832 in
734 1770 824 1834 lecto
846 1770 1003 1853 pudicus,
1021 1770 1126 1833 mori·

178 1869 241 1932 bns
258 1877 413 1945 ornatus,
428 1878 533 1952 atque
547 1871 583 1934 in
596 1890 756 1953 supremo
773 1871 871 1952 regni
888 1869 1028 1951 fastigio
1045 1872 1126 1934 sub·

176 1967 330 2046 limatus,
362 1968 603 2047 humilitatem,
629 1989 708 2052 quae
739 1978 856 2034 custos
884 1971 1051 2034 virtutum
1075 1970 1126 2034 di-

176 2068 279 2146 citur,
305 2069 439 2133 studuit
462 2069 659 2152 possidere3
685 2071 803 2152 sicque
826 2089 848 2133 a
869 2071 1006 2152 magnis
1029 2091 1127 2134 reve·

178 2170 320 2234 rebatur
334 2176 374 2233 ut
388 2168 559 2247 dominus,
576 2171 725 2233 minimis
753 2170 928 2234 arridebat
944 2177 983 2234 ut
1000 2171 1127 2246 socius,

178 2269 270 2334 unde
298 2288 417 2333 omnes
444 2271 509 2333 suh
534 2269 611 2352 ipso
640 2271 757 2335 vivere
785 2269 885 2333 dulce
920 2269 1125 2335 habuerunt.

178 2369 309 2435 Eodem
330 2389 421 2434 anno
439 2369 610 2447 Honorio,
630 2369 874 2434 cantuariensi
896 2369 1125 2453 archiepisco·

174 2489 235 2553 po,
254 2463 460 2534 ²Deusdedit
485 2471 663 2536 successit.
719 2470 850 2534 Eodem
875 2489 966 2533 anno
992 2469 1264 2547 Pennacnmn

179 2590 242 2633 rex
260 2570 481 2647 Marciorum,
506 2569 700 2648 Kinewalc,
723 2590 838 2653 regem
861 2569 1125 2634 occidentalium
1138 2546 1278 2648 chiffl

178 2669 370 2746 Saxonum,
385 2663 485 2753 ³quia
499 2691 653 2736 sororem
669 2671 743 2755 ejus
763 2669 1018 2754 repudiaverat,
1036 2670 1127 2734 bello

178 2769 306 2834 invasit
320 2777 356 2833 et
372 2790 479 2853 regno
502 2771 666 2854 privavit.
714 2764 866 2835 4Eodem
892 2790 983 2835 anno
1001 2770 1128 2862 clodo·

178 2889 263 2934 vens
288 2871 449 2952 regnavit
472 2871 509 2933 in
535 2871 694 2948 Francia,
717 2877 822 2954 atque
848 2891 992 2952 regnum
1015 2871 1128 2934 tenuit

180 2971 280 3034 annis
308 2971 553 3054 septendecim,
592 2972 773 3054 Sigeberto
806 2971 912 3036 fratre
943 2970 1018 3055 ejus
1049 2989 1129 3051 reg·

180 3078 285 3135 nante
302 3071 339 3135 in
355 3069 511 3136 Austria.

230 3167 333 3234 Anno
357 3173 481 3253 gratiae
507 3187 657 3235 ncxnvr.
678 3170 871 3247 Kinewalc,
889 3190 951 3234 rex
970 3170 1252 3237 occider-anas.

180 3269 300 3334 talium
333 3270 524 3348 Saxonum,
551 3265 773 3354 ⁵recuperato
804 3290 923 3352 ragno,
954 3269 1130 3335 cuthredo

217 3522 226 3555 ¹
241 3519 376 3594 cassiam]
393 3525 442 3574 See
453 3526 546 3589 below,
555 3525 588 3574 ad
600 3539 641 3575 an.
669 3525 774 3574 menced
784 3523 825 3573 his
836 3523 907 3585 reign
918 3523 944 3572 in
955 3528 1014 3585 688,
1026 3525 1076 3572 and
1089 3531 1132 3575 not

181 3600 248 3656 ⁶⁶13
266 3595 331 3645 Bed.
342 3595 356 3658 t
369 3599 425 3645 180.
669 3596 695 3643 in
713 3595 764 3643 thia
781 3609 851 3655 year,
871 3608 899 3642 as
917 3594 999 3643 stated
1016 3595 1048 3655 by
1061 3596 1133 3658 Sige-

217 3664 395 3730 ’muira
414 3666 489 3726 Upon
507 3665 549 3714 the
566 3665 642 3714 death
669 3666 733 3714 bert.
772 3666 819 3714 See
843 3665 921 3727 Pagi,
943 3664 976 3713 sd
996 3680 1038 3715 an.
1057 3665 1070 3728 §
1091 3671 1132 3727 1⁰,

179 3737 210 3787 of
226 3736 367 3796 Honorius,
378 3735 462 3785 which
477 3735 500 3783 is
516 3736 643 3796 supposed
668 3750 718 3797 rep.

181 3812 208 3856 to
226 3805 291 3856 hare
302 3807 379 3856 taken
391 3807 465 3869 piace
483 3805 510 3853 in
527 3809 585 3867 6⁶5,
602 3819 643 3854 see
705 3799 900 3874 ⁶Recupersto.]
919 3804 992 3854 Beda
1008 3820 1068 3868 says
1078 3805 1133 3854 that

179 3878 260 3939 Angl.
271 3878 344 3926 Sacr.
356 3891 382 3938 p.
394 3880 434 3924 9³.
670 3874 827 3935 Cyneprealh
845 3889 900 3924 was
923 3875 993 3924 three
1015 3891 1089 3936 years
1106 3878 1132 3924 in

216 3945 308 4004 ”Quia
323 3945 448 4007 marm]
466 3944 499 3992 So
511 3943 584 3992 Beda
595 3944 644 3992 and
672 3945 740 3992 Kent
762 3943 846 3992 before
874 3944 906 3994 he
933 3948 1067 3995 recovered
1093 3946 1133 3994 his

182 4018 313 4079 Florence,
323 4017 355 4067 ad
367 4019 473 4065 010646.
499 4014 541 4062 He
553 4014 644 4062 retired
671 4012 801 4075 kingdom.
817 4014 1134 4077 TbeSax.Chron.piaces

180 4094 206 4138 to
218 4089 294 4137 Anna
312 4088 374 4149 king
393 4084 422 4134 oi
440 4085 517 4146 Kent,
533 4084 591 4133 who
607 4098 646 4133 re-
671 4084 711 4132 his
722 4085 832 4144 baptism
848 4086 873 4132 in
889 4085 940 4132 this
951 4100 1021 4146 year,
1032 4087 1077 4133 but
1094 4085 1134 4134 his

174 4159 270 4208 -ceirsd
281 4159 331 4207 him
343 4156 497 4219 hospitably.
673 4153 720 4214 gift
730 4158 756 4202 to
768 4153 881 4203 cuthred
893 4153 922 4203 of
938 4157 1001 4202 8⁰0⁰
1019 4155 1092 4203 hides
1108 4155 1138 4204 oi

219 4226 420 4292 ‘Eodemonno.]
433 4226 519 4276 Clovis
531 4224 646 4275 ll.cou1·
671 4224 732 4273 land
742 4225 832 4287 ‘juxta
843 4223 1002 4274 Aescsdune'
1013 4225 1038 4273 in
1050 4229 1108 4276 648.
