2888 4852
419 437 557 485 enonas
582 436 850 486 ursronrnnuu.
1045 418 1111 484 205

156 593 292 656 bertum
307 612 401 669 vero,
428 595 574 675 primum
601 593 694 657 illius
723 595 873 675 regionis
895 591 1108 674 episcopum,
1121 613 1245 664 surana

158 684 272 755 ¹Colla
290 693 512 773 pontificatus
536 691 684 755 officium
707 693 871 774 suscepit,
894 693 971 774 ipso
991 698 1108 754 autem
1120 662 1250 704 ⁰¹²¹⁶¹²⁶⁸²⁰''

158 811 203 854 ex
229 791 295 854 hac
324 793 402 854 luce
427 794 615 868 subtracto,
633 811 743 874 usque
770 791 813 854 ad
843 792 976 856 obitum
1003 781 1108 854 Bedae

159 890 258 966 sedes
290 890 351 953 illa
374 891 523 954 vacavit.
575 885 675 955 ²Hoc
704 892 809 954 etiam
839 910 931 954 anno
961 909 1108 971 magnus

157 987 352 1065 Wilsridus,
364 1000 445 1072 post
462 1009 572 1053 annos
587 990 819 1072 quadraginta
833 998 869 1054 et
884 990 1035 1072 quinque
1052 1008 1109 1059 ac-

157 1090 249 1170 cepti
275 1090 508 1171 episcopatus,
529 1088 619 1152 diem
642 1090 768 1153 clausit
790 1096 995 1165 extremum,
1018 1090 1109 1152 sicut

158 1207 264 1270 supra
289 1187 418 1251 dictum
440 1196 517 1266 est;
541 1189 597 1251 oui
622 1189 789 1252 successit
807 1188 850 1251 ad
869 1189 1107 1271 episcopatum

159 1285 479 1367 Hagustaldensem
495 1281 607 1351 ³Acca
629 1289 810 1371 presbyter
827 1306 923 1364 sune,
942 1286 985 1349 de
1009 1287 1109 1369 cnjus

158 1386 327 1451 industria
352 1380 464 1450 ⁴Beda
495 1389 675 1470 presbyter
706 1388 742 1450 in
772 1387 993 1452 historiarum
1020 1386 1108 1449 libro

158 1486 268 1549 multa
301 1485 466 1563 scribens,
501 1485 576 1570 ejus
618 1488 839 1551 sanctitatem
872 1478 1109 1566 multipliciter

160 1586 389 1649 commendat.

328 1761 378 1825 De
385 1761 503 1846 primis
517 1760 664 1846 episcopis
683 1756 938 1844 Viyornieosibas.

212 1882 316 1947 Anno
343 1886 466 1966 gratiae
495 1901 635 1947 occxu.
659 1884 777 1947 floruit
797 1878 990 1964 ⁵nginns,
1013 1881 1109 1945 Wic·
1123 1888 1247 1989 33⁰3}

160 1984 291 2046 ciorum
314 1985 441 2067 praesul
468 1985 615 2062 tertius;
644 1983 710 2062 fuit
724 1991 840 2047 autem
861 1982 1014 2066 eJusdem
1028 1992 1110 2064 proi
1123 1991 1247 2032 ΨΜ*-

163 2082 287 2145 vinciae
307 2084 489 2165 episcopus
504 2084 635 2165 primus
650 2084 786 2146 nomine
803 2082 962 2158 Boselus‚
985 2093 1109 2144 secun-

161 2182 226 2245 dus
256 2181 446 2259 Ostiortus,
470 2183 637 2264 nginus
660 2201 742 2245 vero
765 2183 800 2244 in
823 2181 942 2246 ordine
973 2181 1110 2258 tertius,

162 2300 240 2344 cum
254 2301 335 2364 rege
352 2281 562 2345 Meroiorum
579 2281 741 2345 Kenredo
756 2289 791 2345 et
804 2281 1024 2345 orientalium
1034 2278 1111 2343 An·

162 2381 297 2461 glorum
322 2401 405 2462 rege
430 2381 510 2445 Offa
527 2380 686 2444 *Romam
710 2382 863 2456 veniens,
890 2379 1112 2456 monasterio,

163 2479 255 2560 quod
278 2480 314 2542 in
335 2480 572 2561 Wigorniensi
601 2480 772 2543 territorio
795 2486 1050 2554 construxerat,
1073 2486 1113 2542 ut

164 2580 208 2641 ab
222 2579 454 2660 improborum
470 2580 661 2662 irruptione
674 2579 827 2642 securius
843 2578 929 2641 illud
945 2578 1113 2656 redderet,
1170 2618 1176 2624 -

166 2696 187 2738 a
208 2695 301 2760 papa
316 2677 549 2743 Constantino
569 2677 740 2742 libertatis
762 2679 981 2760 privilegium
1007 2678 1114 2759 impe·

165 2777 284 2840 travit.
334 2771 617 2841 ⁶Successerunt
637 2784 753 2841 autem
783 2779 814 2841 ei
847 2778 883 2839 in
909 2767 1113 2858 episcopatu

165 2874 403 2956 Wigorniansi
417 2873 612 2953 Wilfridus,
632 2875 836 2952 MildreduS,
846 2874 1113 2952 Weremnndus,

165 2972 339 3052 Tilherns,
377 2974 618 3052 Hereferthus,
659 2975 844 3052 Debemus,
887 2974 1114 3051 Herebertusss

167 3071 336 3152 Alwinus,
376 3074 617 3152 Hereferthns,
644 3073 877 3151 Athelhunus,
896 3073 1115 3151 Wilferthus,

170 3171 342 3251 Kinewol‚
365 3174 584 3252 Dunstanus,
607 3175 804 3251 Oswaldus,
828 3174 1000 3248 Eldulfus,
1029 3182 1117 3256 quoi

167 3292 243 3335 rum
268 3282 338 3337 tres
364 3274 478 3337 ultimi
504 3274 754 3357 archiepiscopi
779 3273 1046 3338 cantuarienses
1061 3272 1116 3336 fu·

168 3380 290 3436 erunt..
334 3371 405 3436 Per
429 3373 520 3437 idem
550 3380 685 3455 tempus
713 3373 736 3437 J
741 3374 936 3437 ustinianus
968 3374 1116 3455 impera·
1131 3391 1232 3433 outre

169 3479 223 3533 tor
240 3490 272 3545 ‘a
298 3471 495 3555 Philippico
522 3472 683 3537 haeretico
712 3472 916 3536 interfectus
948 3480 1002 3536 est
1025 3471 1119 3554 apud
1128 3443 1279 3544 {iiim

204 3729 213 3763 ¹
227 3734 317 3796 Colla]
334 3733 416 3783 called
433 3734 488 3784 also
495 3734 576 3796 Cella,
584 3733 633 3784 Ce—
697 3732 706 3764 ⁴
717 3735 807 3797 Beda]
826 3734 895 3784 Hist.
909 3735 979 3783 Eccl.
990 3734 1004 3796 ᾗ
1014 3738 1073 3784 tau.

169 3803 634 3942 μ
695 3801 1034 3867 u]

169 3943 229 3992 died
242 3947 273 3991 12
284 3943 343 3992 Oct.
356 3946 413 3992 709.
660 3943 771 4004 legend.
784 3889 841 3993 fol.p
839 3944 927 3994 cxxiii.

206 4009 312 4075 Ἶροι]
331 4012 372 4061 He
383 4012 443 4061 died
455 4013 481 4059 in
493 4015 551 4062 ⁷4⁰.
587 4013 634 4062 See
694 4010 909 4076 ‘Successor-unt]
933 4012 982 4061 For
1003 4012 1046 4060 the
1063 4027 1122 4061 suc·

170 4081 227 4131 nic.
240 4082 395 4144 Hngustaid.
407 4082 439 4131 de
456 4087 514 4131 stat.
534 4088 560 4131 et
575 4096 633 4143 epp.
659 4083 758 4131 cession
768 4082 798 4132 os
805 4082 847 4131 the
858 4082 999 4143 bishopsos
1007 4082 1122 4130 werede-¹

170 4151 284 4213 ejusdem
312 4151 434 4215 eeclesiae,
468 4152 533 4200 inter
568 4153 633 4202 Deo.
659 4157 697 4201 ter
707 4153 750 4201 the
760 4153 850 4202 render
869 4153 891 4200 is
911 4151 1021 4201 referred
1037 4156 1063 4199 to
1078 4146 1121 4199 the

173 4221 275 4284 Scriptt.
287 4221 336 4272 eol.
347 4225 404 4272 298.
660 4223 737 4283 Angl.
749 4223 819 4273 Sacr.
831 4224 848 4272 i.
860 4237 877 4283 p
898 4225 956 4271 470.
