2888 4852
453 425 593 475 racana
616 427 883 498 ursronrsnou.
1073 413 1139 479 407

186 600 324 662 scopus,
337 601 457 668 ¹regem
473 582 654 647 Eadwium
680 591 715 649 et
733 581 897 672 Algivam
923 583 968 646 ab
988 583 1136 650 invicem

185 682 372 762 separavit,
398 683 453 746 vel
477 702 584 746 causa
615 682 940 765 consanguinitatis,
968 683 1024 748 vel
1053 685 1136 767 quia

183 780 278 844 illam
305 789 344 845 ut
361 780 552 846 adulteram
576 782 763 847 adamavit.
811 781 892 861 Quo
914 782 1019 847 etiam
1042 802 1134 849 anno

184 879 274 943 idem
290 879 380 958 Odo,
395 880 671 946 Dorohernensis
695 881 987 964 archiepiscopus,
1004 882 1058 947 vir
1079 885 1133 947 in-

184 980 286 1060 genio
311 980 437 1058 clarus,
462 981 591 1046 virtute
623 981 806 1046 laudabilis
836 988 873 1046 et
899 981 1024 1065 spiritu
1051 1002 1132 1066 pro-
1215 1038 1217 1042 Α

183 1078 311 1160 phetiae
330 1080 476 1162 pollens,
499 1080 657 1145 humanis
680 1083 782 1145 rebus
804 1088 1000 1164 exemptus,
1017 1082 1053 1147 in
1068 1102 1131 1166 pa-

182 1178 334 1242 radisum
350 1187 403 1243 est
417 1180 618 1261 angelorum
635 1181 794 1245 manibus
808 1181 1033 1264 deportatus;
1059 1201 1130 1264 quo

182 1278 226 1342 ad
248 1277 402 1343 caelestia
427 1279 608 1356 translato,
634 1279 800 1357 Elisinus,
823 1281 1008 1346 Wentanae
1034 1283 1129 1347 urbis

182 1379 376 1460 episcopus,
400 1372 506 1443 ¹datis
531 1380 729 1443 muneribus
752 1379 915 1462 profusis,
941 1400 1003 1463 per
1023 1381 1130 1446 inter·

181 1478 320 1542 nuntios
345 1498 461 1560 regem
486 1479 682 1561 Eadgarum
704 1479 951 1545 circumvenire
972 1480 1129 1560 studens,

180 1597 258 1641 cum
290 1577 428 1642 Simone
457 1577 567 1661 Mago
593 1578 755 1643 thronum
778 1577 1040 1643 Cantuaricnsis
1071 1600 1127 1644 cc·

179 1677 305 1754 clesiae,
344 1678 499 1760 pecuniae
540 1679 750 1755 interventu,
777 1678 987 1743 conscendit.
1057 1677 1128 1757 Qui

179 1776 290 1857 primo
311 1776 512 1842 intrusionis
535 1776 591 1841 die
612 1778 785 1843 abstinere
808 1798 877 1843 non
898 1778 1024 1860 potuit,
1043 1779 1128 1859 quin

178 1875 286 1939 furias
311 1884 425 1940 mente
447 1877 506 1941 diu
528 1883 714 1959 conceptas
737 1885 922 1955 evomeret,
944 1877 988 1942 ad
1013 1883 1129 1941 tumu-

179 1974 249 2037 lum
273 1977 385 2040 sancti
401 1975 533 2040 Odonis
559 1977 737 2053 accedens,
761 1976 915 2059 illudque
936 1975 1023 2059 pede
1044 1995 1127 2040 con·

179 2074 332 2151 calcans,
343 2075 442 2151 dixit,
455 2080 465 2109 ‘
476 2073 632 2140 Pessime
643 2095 762 2154 senex,
773 2095 863 2140 nunc
879 2076 1029 2140 animam
1044 2075 1126 2141 licet

179 2192 257 2237 sero
282 2175 436 2248 emisisti,
454 2182 489 2239 et
511 2175 643 2239 meliori
659 2175 773 2240 locum
790 2174 918 2239 iaciens
940 2175 1125 2254 recessisti,

180 2292 270 2336 nunc
285 2293 368 2338 vero
390 2274 482 2356 quod
503 2274 564 2338 diu
589 2276 852 2357 concupiveram
875 2282 987 2354 teneo,
1013 2280 1049 2338 te
1070 2275 1124 2338 in·

179 2372 265 2451 vito,
280 2380 316 2438 et
332 2373 411 2438 inde
428 2373 491 2440 tibi
504 2374 614 2438 malas
631 2375 763 2455 gratias
778 2393 846 2456 ago
856 2371 877 2454 ;'
900 2373 1002 2438 etsie
1018 2373 1125 2451 tatus,

178 2491 256 2535 cum
276 2474 416 2538 rabidus
430 2473 488 2538 ille
503 2474 620 2556 sopori
634 2474 787 2537 membra
800 2472 952 2538 dedisset
965 2472 1124 2556 sequenti

178 2581 291 2650 nocte,
305 2573 393 2639 vidit
406 2573 500 2638 beati
518 2572 649 2637 Odonis
666 2572 812 2654 effigiem
834 2573 900 2637 sibi
920 2572 1069 2648 adstare,
1089 2578 1125 2636 et

177 2671 411 2755 improperare
433 2673 627 2737 convicium
651 2679 756 2754 atque
778 2671 881 2736 velox
903 2671 955 2734 illi
979 2671 1125 2735 exitium

178 2772 400 2851 comminari3
423 2771 483 2836 sed
510 2770 676 2848 Elisinus,
699 2770 824 2834 somnii
840 2769 1029 2835 vanitatem
1049 2787 1125 2833 esse

178 2870 271 2951 quod
285 2870 420 2935 viderat
436 2871 652 2947 existimans,
671 2890 741 2933 non
763 2868 877 2932 minus
900 2867 944 2931 ad
967 2867 1125 2932 obtinen-

179 2969 260 3031 dum
286 2970 428 3052 pallium
455 2969 605 3034 Romam
636 2969 856 3052 properabat,
876 2966 936 3030 ubi
958 2986 1036 3031 cum
1063 2986 1125 3049 per

179 3065 289 3150 Alpes
312 3069 403 3132 viam
430 3069 610 3152 expediret
631 3069 817 3150 inceptam,
840 3065 926 3132 nihil
952 3064 1047 3130 aliud
1070 3085 1126 3129 re-

177 3167 281 3232 medii
304 3168 430 3232 hahere
458 3168 585 3250 potuit,
607 3167 688 3232 dum
713 3167 821 3233 nivali
851 3173 1006 3247 tempore
1034 3172 1127 3230 esset

178 3268 395 3349 congelatus,
412 3268 480 3332 nisi
504 3273 545 3331 ut
569 3274 854 3335 exenteratorum,
872 3284 1038 3347 equorum
1064 3264 1126 3328 ad-

177 3367 244 3430 huc
270 3368 464 3432 calentibus
494 3366 585 3432 extis
613 3366 718 3449 pedes
743 3366 974 3447 immergeret,
999 3363 1126 3447 quibus

177 3469 288 3531 sancti
305 3468 371 3532 viri
384 3467 650 3531 consultaverat
666 3465 890 3548 sepulturam,
908 3464 981 3541 sed,
998 3482 1061 3528 nec
1075 3463 1127 3527 sio

175 3566 294 3648 algore
316 3567 496 3631 deficiente
518 3565 579 3630 sed
605 3565 721 3647 potius
745 3563 992 3642 invalescente,
1018 3564 1126 3628 vitam

175 3663 384 3748 flagitiosam
400 3673 511 3731 morte
528 3665 655 3729 misera
669 3662 880 3728 terminavit.

212 3962 312 4013 wate
338 3963 478 4013 maman
502 3961 638 4026 parea]
663 3961 753 4022 birhop
775 3959 804 4009 or
823 3957 991 4018 cmanury,
1011 3956 1035 4004 a
1063 3954 1127 4004 eom

175 4035 229 4084 'ste
240 4035 335 4096 history
347 4032 376 4083 oi
384 4033 426 4081 the
435 4033 580 4082 successlou
588 4031 639 4081 and
664 4024 786 4081 Osbero‘s
804 4027 848 4078 lile
865 4026 894 4075 oi
902 4026 970 4089 0do,
981 4041 1008 4088 p.
1018 4029 1050 4074 85
1061 4040 1069 4086 ς
1085 4038 1128 4074 ses

175 4105 251 4155 death
270 4104 299 4155 oi
312 4103 407 4166 Alisin,
425 4117 454 4152 or
468 4103 551 4165 Elsin,
569 4101 641 4152 arch·
664 4101 754 4164 above,
764 4115 791 4161 p.
803 4100 926 4159 sermore
938 4091 958 4145 ¹.
