2888 4852
440 411 580 462 rienes
603 410 872 461 araroarnnuu.
1068 394 1132 460 121

179 570 303 651 annis3
326 578 406 655 post
434 569 576 635 Justum
603 589 699 648 vero,
723 571 759 633 in
786 568 943 635 Roffensi
974 568 1132 645 ecclesia,

85 730 89 738 .
177 671 346 737 successit
362 671 556 736 Romanus.

392 842 442 906 Do
455 840 616 905 Mahumat
624 840 911 927 psatdeprepheta.

227 963 335 1032 Anne
348 967 472 1049 gratiae
485 983 632 1032 ncxxu.
648 966 773 1052 Cyrus,
783 965 1045 1032 Alexandrinus
1056 967 1130 1051 epi·
1144 991 1199 1033 an.
1210 992 1255 1032 sn.

178 1086 317 1151 scopus,
342 1075 378 1132 et
408 1067 562 1149 Sergius,
586 1066 994 1150 Constantinopolitanae
1021 1070 1130 1153 patri·

181 1167 298 1246 archa,
332 1167 642 1231 Menothelitarum
681 1168 839 1231 haeresim
883 1168 1129 1251 praedicabant.

181 1260 281 1332 ¹Hac
304 1268 425 1350 utique
452 1273 659 1351 tempestate
684 1266 861 1344 Saraceni,
887 1269 947 1350 qui
971 1275 1006 1332 et
1024 1268 1129 1334 Turci
1143 1291 1263 1342 nima

180 1367 353 1445 dicuntur,
369 1367 551 1432 Mahumet
566 1367 886 1451 pseudo-propheta
901 1369 951 1431 eis
966 1368 1129 1432 ducatum
1144 1345 1261 1386 '‘m‘'

180 1468 367 1550 praebente,
393 1487 416 1532 a
440 1468 514 1532 suis
536 1468 675 1532 sedibus
698 1467 871 1545 exierunt,
889 1475 925 1532 et
949 1468 1129 1551 imperium

181 1566 338 1632 Heraclii
367 1568 521 1650 graviter
550 1567 733 1632 devastare
765 1575 957 1651 coeperunt.
1020 1567 1130 1634 Porro

181 1667 246 1731 iste
277 1666 471 1745 Mahumet,
499 1667 748 1732 Saracenorum
783 1675 818 1732 et
846 1666 1002 1731 Arabum
1034 1669 1130 1752 prin·

180 1786 274 1851 ceps,
298 1766 342 1831 de
367 1787 493 1849 genere
528 1767 657 1831 Ismael
682 1767 760 1844 suit,
787 1754 850 1831 tilii
870 1766 1033 1845 Abrahae,
1058 1770 1130 1852 qui,

181 1886 259 1931 cum
273 1868 309 1931 in
326 1867 493 1950 primaeva
507 1875 612 1932 aetate
627 1887 692 1931 sua
708 1875 800 1932 esset
814 1874 996 1945 mercator,
1011 1888 1130 1951 perge·

182 1966 241 2033 bat
256 1967 455 2050 frequenter
467 1987 545 2033 cum
568 1968 708 2031 camelis
727 1968 800 2031 suis
825 1968 917 2051 apud
935 1968 1129 2052 AEgyptum

180 2074 214 2131 et
241 2066 464 2131 Palaestinam
491 2075 527 2132 et
548 2068 820 2132 conversabatur
838 2087 915 2132 cum
938 2067 960 2131 J
964 2068 1073 2132 udaeis
1095 2078 1131 2135 et

183 2165 402 2244 Christianis,
424 2168 586 2250 aquibus
602 2175 674 2231 tam
690 2176 790 2232 vetus
808 2186 911 2249 quam
932 2188 1060 2233 novum
1078 2169 1130 2233 di·

181 2266 265 2331 dicit
293 2265 567 2344 Testamentum,
598 2267 659 2332 sed
688 2275 723 2331 et
752 2286 875 2348 magus
900 2269 1129 2351 nequissimus

182 2366 323 2431 effectus
350 2374 415 2432 est.
466 2368 615 2432 Etcum
641 2368 705 2431 hac
736 2367 883 2449 illacque
912 2367 1129 2448 discurreret,

182 2467 340 2548 contigit,
353 2473 394 2531 ut
409 2464 635 2532 Corozoniam
653 2466 889 2548 ingrederetur
905 2468 1129 2550 provinciam,

182 2565 280 2651 cujus
298 2567 486 2649 provinciae
502 2559 816 2632 demina²Cadisan
833 2566 1033 2647 dicebatur;
1050 2588 1129 2650 quas

183 2686 260 2731 cum
281 2666 438 2731 diversas
455 2668 600 2750 species,
622 2686 710 2749 quas
732 2686 848 2731 secum
872 2666 1054 2733 Mahumet
1075 2676 1130 2733 at·

184 2767 323 2844 tulerat,
338 2768 532 2845 miraretur,
552 2767 659 2850 coepit
679 2766 711 2830 ei
733 2765 880 2850 praefata
895 2768 1017 2832 mulier
1030 2769 1129 2832 sami·

182 2865 301 2931 liarius
321 2859 520 2947 'adhibere3
549 2886 654 2950 quam
676 2866 895 2932 Mahumetes
918 2867 990 2931 suis
1012 2868 1130 2932 incan-

184 2965 372 3032 tationibus
400 2966 616 3051 perstrictam
635 2968 742 3050 coepit
758 2967 925 3051 paulatim
943 2976 1080 3033 astutus
1094 2970 1129 3033 in

183 3087 332 3132 errorem
355 3067 530 3145 inducere,
555 3066 685 3145 dicens,
700 3067 792 3150 quod
816 3068 891 3151 ipse
916 3075 1009 3132 esset
1034 3067 1129 3132 Mes-

182 3168 263 3246 sias,
277 3187 380 3251 quem
393 3187 469 3232 esse
481 3176 663 3232 venturum
678 3167 790 3231 adhuc
801 3166 823 3230 J
827 3167 916 3231 udaei
930 3176 1129 3250 expectant.

184 3266 263 3333 Hac
289 3267 452 3351 opinione
473 3287 541 3332 nen
564 3269 674 3332 solum
697 3274 820 3350 potens
842 3266 965 3331 mulier
984 3267 1130 3351 decepta

183 3375 247 3445 est,
263 3368 324 3432 s'ed
345 3387 464 3434 omnes
482 3367 505 3431 J
508 3367 611 3446 udaei,
625 3367 669 3431 ad
685 3387 774 3449 quos
796 3367 872 3451 ejus
891 3367 980 3432 suria
996 3370 1128 3451 pertin-

180 3486 260 3549 gere
281 3475 431 3550 peterat,
454 3467 498 3531 ad
523 3486 700 3531 eumcum
725 3468 908 3531 Saracenis
924 3469 1128 3532 catervatim

217 3659 295 3713 ¹an
312 3661 396 3726 utique
408 3655 569 3730 humma]
586 3662 640 3711 Tire
666 3662 803 3723 Beauvais,
823 3661 880 3729 (lib.
902 3662 976 3711 xxiii.
998 3677 1056 3723 cap,
1075 3660 1129 3727 sit)

181 3733 277 3797 history
295 3733 325 3783 oi
341 3732 470 3782 Mahomet
491 3746 599 3794 appears
614 3738 641 3781 to
664 3733 785 3795 agreeing
801 3733 827 3780 in
845 3746 913 3780 some
932 3732 1058 3781 instances
1073 3748 1129 3782 ver-

179 3805 243 3854 hnve
260 3806 325 3853 been
343 3802 416 3851 made
432 3817 469 3864 up
488 3801 551 3851 irem
563 3801 641 3865 Hugo
664 3802 742 3850 batim
749 3801 811 3850 with
819 3801 1037 3864 werdunensis
1044 3803 1128 3865 partly

179 3876 212 3925 de
240 3874 268 3925 8.
289 3874 391 3922 Victore
412 3870 507 3937 (instit.
530 3872 640 3923 Monast.
664 3871 741 3921 taken
758 3871 821 3921 irem
843 3886 860 3920 a
881 3886 994 3921 common
1012 3873 1129 3936 original.

180 3946 224 3996 lib.
246 3945 284 3995 ix.
314 3957 371 4004 cap.
397 3940 434 4006 9),
461 3942 585 4004 Sigebert,
613 3957 642 3992 or
664 3941 1089 4004 Seeslsossaronius,admase.

181 4015 284 4077 Sylvius
291 4012 541 4073 Marcianensis,and
548 4012 640 4062 others.
700 4009 711 4039 ²
728 4012 857 4075 Creissa]
874 4012 1043 4074 ‘chadigam’
1059 4013 1129 4073 Sige-

181 4087 205 4135 A
224 4084 322 4135 similar
341 4084 388 4132 but
409 4082 484 4131 much
506 4082 582 4131 fuller
597 4097 640 4132 ac·
664 4081 727 4131 bert.

181 4160 257 4205 count
275 4152 467 4217 msybeicnnd
483 4153 508 4201 in
525 4152 640 4215 theSpe·
699 4149 873 4216 'Anniam
902 4154 944 4204 On
967 4152 1008 4201 the
1032 4151 1129 4213 margin

181 4226 266 4277 cuium
288 4223 428 4275 Historials
445 4223 475 4272 oi
492 4223 645 4273 vincentes
665 4222 831 4273 ‘adhaerere’
