2888 4852
388 439 528 489 rnoaas
553 438 821 489 ursromnauu.
1012 418 1078 482 435

141 668 190 730 De
197 671 405 753 persecutione
420 672 561 751 Dnnn‘cn,
575 682 604 737 et
617 674 789 737 inventione
803 673 905 737 nancti
930 671 1054 736 chnis.

177 791 284 858 Anno
306 795 448 860 Domini
471 813 526 861 ur.
543 805 753 862 memoratus
775 816 989 880 paganorum
1013 816 1074 861 ex·
1087 806 1211 897 fflgffig

127 892 267 971 orcitus,
289 894 331 959 de
349 894 566 960 Normannia
587 896 735 973 rediens,
750 890 1000 962 'Exoniensem
1019 916 1075 960 ur·
1086 907 1169 997 ξπ

128 991 205 1055 bem
232 993 378 1071 obsedit,
404 994 477 1072 sed,
498 995 631 1060 civibus
654 995 800 1060 viriliter
822 996 1073 1075 resistentibus,
1167 985 1172 994 ¹

127 1098 363 1171 recesserunt3
396 1102 518 1159 contra
547 1114 634 1177 quos
664 1096 915 1173 Devonienses,
937 1091 1073 1161 Sumer-

127 1197 292 1268 setenses,
318 1191 549 1257 Dorsetenses
576 1196 790 1277 congregati,
824 1197 860 1259 in
887 1190 983 1260 'loco
1014 1197 1075 1279 qui

129 1289 288 1354 ‘Penho’
306 1290 443 1369 dicitur,
458 1300 632 1357 certarnen
654 1313 732 1357 cum
754 1295 910 1359 hostibus
932 1297 1091 1371 commi<

128 1396 260 1467 serunt,
277 1391 336 1454 ubi
353 1391 459 1469 Dani,
481 1392 592 1456 multa
612 1412 657 1456 ex
673 1393 798 1474 Anglis
819 1395 919 1459 illata
942 1403 1071 1477 strage,

128 1489 308 1553 victoriam
337 1490 556 1572 habuerunt3
589 1492 669 1556 inde
692 1492 820 1574 pagani
845 1493 889 1557 ad
912 1494 1070 1559 Wectam

127 1588 276 1652 insulam
298 1609 437 1654 cursum
454 1591 653 1672 dirigentes,
674 1591 770 1655 illam
793 1599 901 1657 totam
924 1612 1002 1656 cunr
1019 1595 1071 1657 vi·

127 1687 214 1751 cinis
236 1689 434 1771 provinciis,
451 1690 547 1754 nullo
569 1691 770 1769 obsistente,
789 1692 892 1756 rebus
914 1693 1072 1756 omnibus

127 1787 374 1869 spoliaverunt.
426 1789 556 1854 Eodem
571 1809 663 1854 anno
678 1791 857 1855 inventum
876 1799 930 1854 est
947 1810 1072 1873 corpus

125 1887 239 1950 sancti
248 1880 259 1917 ³
267 1887 414 1966 Yvouis,
425 1889 578 1971 episcopi
591 1897 627 1954 et
640 1889 857 1968 confessoris,
869 1899 994 1955 octavo
1010 1888 1073 1954 ka·

126 1984 247 2050 lendas
265 1984 365 2052 Maii.

271 2159 338 2222 Bon
351 2157 534 2223 Etlelredns
547 2160 653 2223 Danis
667 2157 816 2224 tmdrdnm
831 2159 926 2225 dedit.

177 2281 282 2347 Anno
309 2283 451 2348 Domini
485 2300 551 2347 uu.
585 2303 648 2348 rex
679 2283 897 2360 Ethelredus,
929 2284 1074 2348 consilio
1087 2293 1141 2383 μ·
1154 2293 1208 2382 ¹32²-

128 2384 314 2466 primatum
340 2402 494 2461 suorum,
522 2383 634 2447 Danis
662 2403 726 2466 pro
754 2385 846 2448 bono
871 2384 968 2465 pacis
994 2377 1074 2447 ⁴tri·
1107 2353 1160 2392 ’Μ
1196 2369 1202 2381 ’

126 2484 248 2547 butum
274 2481 400 2564 viginti
422 2490 572 2566 quatuor
597 2483 743 2547 millium
770 2483 936 2546 librarum
957 2483 1074 2547 solvit.

128 2582 258 2646 Eodem
281 2600 373 2646 anno
395 2579 571 2659 Aldulius,
592 2582 822 2646 Eboraceusis
846 2580 1075 2665 archiepisco-

127 2700 204 2763 pus,
230 2682 343 2746 sancti
366 2679 520 2745 Oswaldi
553 2680 809 2762 archipraesulis
839 2679 1002 2762 reliquias
1033 2680 1076 2744 de

128 2779 311 2862 sepulchro
335 2780 478 2857 levavit,
501 2787 537 2842 et
561 2778 707 2860 septimo
732 2776 900 2842 kalendas
924 2778 1011 2843 Maii
1039 2779 1075 2842 in

130 2879 242 2956 theca,
273 2896 378 2960 quam
416 2885 614 2960 paraverat,
652 2876 840 2941 honorifice
881 2877 1076 2943 collocavit.

131 2972 225 3043 Nec⁵
247 2977 357 3042 multo
386 2982 466 3059 post
496 2977 587 3041 idem
614 2976 906 3060 archiepiscopus,
933 2996 978 3041 ex
1012 2977 1077 3040 hac

128 3077 206 3142 luce
224 3077 425 3154 translatus,
438 3069 666 3154 ‘wlstanum
676 3076 955 3160 wigorniensem
969 3077 1077 3141 antis·

167 3293 367 3360 mentem]
376 3294 519 3354 Exmouth3
531 3293 592 3343 Sex.
618 3293 770 3356 Hidagium,
785 3294 895 3342 muse
910 3292 948 3342 lor
963 3292 997 3342 its
1016 3308 1078 3355 pay·

131 3365 235 3429 Chron,
241 3367 326 3417 where
336 3367 379 3416 the
389 3370 497 3415 account
506 3363 535 3413 oi
543 3363 593 3412 this
618 3362 862 3425 mentercrybideoi
867 3362 1079 3424 landwasyearly

132 3436 215 3498 year's
236 3442 323 3487 events
344 3437 367 3486 is
383 3449 452 3485 more
470 3432 536 3495 fully
554 3448 594 3483 re-
618 3432 696 3482 taxed
706 3433 894 3495 twelvepence.
929 3432 1080 3483 Itwasdis·

133 3505 236 3556 corded.
619 3501 1079 3565 wntiuuedlnthcreignoissdward

167 3572 252 3625 'mo
271 3575 315 3638 qni
337 3572 450 3634 Pensm]
472 3572 595 3636 probably
619 3572 662 3622 tha
680 3571 824 3636 Confeswr,
839 3574 887 3622 bat
903 3573 980 3634 again
996 3572 1080 3622 leried

134 3645 242 3706 Pinhoc,
260 3646 286 3693 iu
304 3644 473 3707 Devonshire,
490 3647 535 3693 not
555 3643 595 3692 iar
619 3644 654 3703 by
665 3642 778 3692 William
790 3642 813 3693 1.
824 3641 876 3692 and
886 3642 925 3693 11.
951 3642 1000 3691 Sec
1008 3642 1081 3705 Spal-

134 3715 196 3764 lrom
209 3714 311 3763 Exoter.
347 3714 437 3764 camd.
448 3715 466 3763 i.
478 3728 504 3776 p.
517 3716 573 3763 rol.
620 3726 687 3773 man,
698 3712 784 3763 Glooa
801 3711 835 3762 ad
850 3727 901 3762 coe.
941 3711 995 3761 'l'he
1013 3725 1081 3761 man·

168 3781 180 3814 ⁸
190 3783 277 3832 Sancti
287 3782 399 3846 chnia]
416 3783 540 3845 Compare
552 3783 595 3832 the
621 3796 692 3831 sacre
703 3781 732 3831 oi
739 3781 782 3831 the
794 3782 881 3831 Dones
891 3794 924 3831 ou
934 3781 972 3831 st.
984 3776 1081 3830 Bricc’s

135 3858 242 3902 account
263 3854 296 3913 by
320 3852 448 3915 Bremton,
468 3852 516 3902 col.
538 3856 595 3915 888,
620 3852 671 3913 day
682 3852 710 3900 in
725 3852 776 3901 thir
792 3864 853 3913 year
868 3852 892 3899 is
907 3850 1028 3899 recorded
1047 3851 1081 3910 by

135 3923 198 3974 with
209 3923 251 3972 tha
261 3921 306 3971 lile
317 3922 343 3969 in
354 3921 496 3984 Capgmvc,
506 3920 539 3971 cl.
621 3922 689 3971 Flor.
697 3922 747 3970 and
759 3918 1010 3971 lenesmontem
1032 3920 1082 3968 Bc·

170 3995 179 4024 ⁴
194 3988 345 4051 Tricam]
370 3991 453 4041 Thoos
469 3990 598 4053 pescen-
619 3991 680 4052 lorr,
691 4007 718 4053 p.
728 3995 786 4041 4⁴⁴.

138 4062 233 4125 leriuga
249 4060 278 4111 oi
297 4076 386 4122 money
403 4065 429 4110 to
447 4061 490 4110 the
509 4060 597 4110 Dones
656 4051 901 4125 ‘Necmnoponl
916 4056 960 4107 On
977 4058 1020 4107 the
1039 4055 1084 4105 ou

136 4148 204 4182 wera
215 4134 257 4182 the
269 4132 351 4194 origin
361 4130 391 4180 oi
398 4130 441 4179 the
451 4135 505 4192 tax,
512 4130 597 4180 which
622 4129 651 4180 oi
659 4131 739 4191 May;
754 4130 884 4178 Florence.

137 4218 192 4253 was
214 4203 292 4252 hence
308 4200 391 4251 called
409 4200 553 4263 Danogcld,
569 4215 599 4249 or
657 4192 848 4267 “chtcm.]
866 4196 1085 4248 Hisdcatbisrc·
1136 4195 1142 4205 ’

911 4270 979 4318 m
