2888 4852
334 418 400 484 190
591 435 734 484 anassi-
752 436 798 483 nn
821 437 1028 487 wnunnvnn

334 601 370 658 et
386 592 542 678 Trajecti
566 594 776 675 tumulatnr3
809 591 972 678 Pipinum
987 595 1080 659 enim
1095 595 1287 679 principem

333 694 512 776 increpare
540 712 659 771 ausus,
684 695 776 779 quod
805 695 998 763 adulteram
1028 696 1194 777 legitimae
1219 717 1287 760 ux·

332 793 385 857 ori
412 794 678 876 superduxerat,
705 813 727 858 a
751 794 901 860 Dodooo
929 796 1036 859 fratre
1059 796 1171 879 ipsius
1194 815 1287 860 mar-

331 894 514 975 tyrizatur,
540 902 575 959 et
598 895 764 979 Trajecti,
793 902 834 960 ut
857 895 985 960 dictum
1013 902 1078 972 est,
1105 895 1284 978 sepelitur.

332 992 402 1056 Per
432 994 523 1057 idem
551 1001 688 1076 tempus
714 992 931 1073 Absimarus,
958 994 1021 1078 qui
1048 1001 1084 1059 et
1109 995 1284 1074 Tiberius,

331 1092 449 1158 Leone
471 1093 515 1157 ab
542 1093 687 1177 imperio
709 1095 811 1177 pulso
836 1113 991 1178 nasoque
1016 1095 1183 1174 abscisso,
1205 1115 1283 1161 car·

330 1194 436 1257 cerali
451 1194 617 1258 custodiae
633 1195 829 1277 deputatur.

379 1291 485 1357 Anno
499 1294 621 1374 gotiae
639 1311 791 1358 ncxc1x.
808 1292 1026 1373 Absimarus,
1044 1294 1105 1378 qni
1125 1302 1161 1359 et
1175 1293 1283 1360 Tibe·

165 1417 199 1446 em
252 1418 269 1448 r.
329 1392 414 1470 rins,
433 1393 629 1458 Romanum
645 1394 792 1477 adeptus
808 1413 965 1476 regnum,
981 1394 1283 1477 imperavitannis

327 1500 470 1575 septem.
524 1493 654 1558 Eodem
684 1513 775 1559 anno
797 1494 913 1571 Dodo,
938 1494 1139 1559 interfector
1165 1496 1281 1561 sancti

329 1591 517 1672 Lamberti,
542 1592 693 1677 pessimo
717 1595 887 1677 languore
912 1595 1099 1671 cruciatur,
1115 1613 1138 1658 a
1152 1596 1281 1659 vermi·

328 1691 393 1755 bns
420 1695 645 1771 consumitur,
670 1702 705 1759 et
730 1694 775 1759 ob
799 1694 1058 1767 intolerantiam
1084 1692 1221 1759 soetoris
1244 1696 1281 1759 in

262 1823 264 1826 v
328 1791 467 1857 Mosam
483 1794 626 1859 fluvium
644 1794 867 1877 demergitur,
881 1812 1068 1876 omnesque
1083 1793 1189 1878 hujus
1204 1795 1279 1859 cul·

327 1911 382 1974 pee
405 1895 590 1977 complices
615 1893 706 1958 infra
724 1913 853 1959 annum
872 1894 1040 1958 divinitus
1062 1894 1277 1976 puniuntur3

325 2011 508 2074 percussor
530 2013 613 2059 vero
642 1995 756 2059 sancti
785 1995 946 2077 martyris
973 1993 1072 2058 tratri
1098 2013 1163 2059 sno
1194 2015 1279 2061 con·

325 2111 477 2172 gressus,
496 2095 585 2158 alter
601 2094 646 2159 ab
660 2095 771 2160 altero
787 2095 991 2159 trucidatur.

438 2266 488 2331 De
501 2274 619 2331 metuo
633 2266 812 2332 raasoitato
825 2287 848 2330 a
855 2265 959 2352 ponis
966 2263 1161 2353 purgator-ii.

374 2381 461 2453 ¹His
480 2390 612 2467 diebus,
629 2390 770 2473 quidam
787 2390 1038 2474 paterfamilias
1060 2383 1115 2454 'in
1133 2391 1277 2473 regione

325 2488 722 2568 Northanhumbrorum,
753 2492 853 2572 gravi
886 2490 1041 2573 corporis
1072 2489 1276 2556 infirmitate

191 2585 195 2591 ’
286 2675 288 2678 .
322 2595 450 2667 tactus,
470 2591 581 2672 primo
603 2592 715 2656 noctis
735 2597 889 2673 tempore
906 2590 1089 2655 defunctus
1111 2598 1187 2670 est;
1212 2591 1275 2656 sed

323 2688 475 2753 diluculo
495 2690 718 2768 reviviscens,
733 2710 775 2754 ac
796 2697 938 2773 repente
960 2689 1125 2766 residens,
1140 2709 1274 2769 omnes,

321 2791 381 2871 qui
412 2789 547 2872 corpori
573 2790 695 2853 flentes
726 2789 883 2868 aderant,
906 2790 1028 2854 timore
1058 2790 1163 2853 nimio
1192 2810 1273 2872 per·

321 2908 441 2952 cussos
467 2891 504 2953 in
526 2890 644 2971 sugam
669 2890 852 2954 convertit.
904 2889 1008 2953 Uxor
1036 2895 1165 2966 tamen,
1191 2909 1272 2972 quae

320 2989 468 3072 amplius
488 2991 640 3067 amabat,
657 2989 815 3071 quamvis
835 2988 982 3054 multum
1005 2988 1199 3071 perterrita,
1217 3010 1272 3055 re·

321 3091 462 3167 mansit,
478 3109 584 3172 quam
602 3089 661 3154 ille
676 3089 890 3166 consolatus,
916 3088 1048 3167 ‘Noli,'
1063 3089 1188 3173 inquit,
1204 3091 1271 3154 ‘ti-

320 3208 425 3266 mere,
442 3190 525 3272 quia
545 3191 620 3273 jam
640 3208 721 3254 vere
739 3187 876 3253 surrexi
895 3208 917 3252 a
939 3195 1062 3265 morte,
1078 3208 1149 3271 qua
1171 3197 1270 3255 tene·

318 3289 393 3366 bar,
425 3296 461 3352 et
490 3290 582 3371 apud
606 3288 761 3353 homines
788 3290 913 3353 iterum
944 3289 1061 3353 vivere
1085 3308 1163 3353 snm
1189 3308 1269 3372 per·

318 3388 468 3452 missus!
527 3388 722 3472 Statimque
745 3363 905 3471 'surgens
944 3388 1029 3452 abiit
1066 3388 1111 3451 ad
1138 3389 1268 3454 villulae

318 3489 520 3565 oratorium,
535 3497 571 3552 et
592 3508 702 3571 usque
721 3488 811 3553 diem
833 3490 869 3552 in
890 3489 1046 3553 oratione
1067 3489 1268 3571 persistens,

317 3607 400 3651 mox
432 3608 569 3653 omnem
595 3589 836 3666 substantiam,
863 3607 968 3671 quam
990 3588 1203 3670 possederat,
1231 3589 1268 3654 in

317 3694 387 3751 tros
414 3689 590 3770 portiones
617 3688 747 3766 divisit,
777 3709 797 3753 e
826 3689 953 3771 quibus
985 3707 1089 3752 unam
1112 3690 1266 3774 conjugi,

316 3787 462 3853 alteram
479 3789 559 3852 filiis
583 3788 738 3866 tradidit,
760 3788 897 3854 tertiam
918 3787 983 3851 sibi
1005 3789 1157 3853 retinens
1179 3808 1266 3872 pau-

315 3889 454 3969 peribus
494 3890 614 3952 statim
649 3889 849 3967 distribuit3
890 3907 954 3952 nec
982 3889 1092 3952 multo
1121 3897 1201 3972 post
1229 3889 1266 3953 in

347 4084 355 4117 ¹
368 4088 421 4137 His
430 4088 535 4151 diedesa]
552 4089 606 4138 The
621 4090 714 4152 legend
725 4090 771 4137 fol·
799 4104 861 4150 rum,
898 4089 976 4149 ‘qum
992 4093 1098 4138 vocatur
1114 4088 1267 4139 incunenin-

312 4158 406 4221 lowing
417 4159 440 4208 is
451 4158 514 4207 from
526 4157 627 4223 Beda,§
639 4163 697 4221 389,
708 4174 772 4222 seqq.
800 4174 870 4221 gum,
890 4159 971 4221 Beda,
980 4158 1144 4208 ilid.‘iorsnn
1150 4159 1263 4223 Cuning·

346 4225 398 4277 ’ln
422 4229 520 4291 regione
548 4229 773 4281 Northanhumbro-
801 4223 1071 4291 haminprov.Sootia.'
1086 4227 1262 4291 Smith,ndlee.
