2888 4852
317 376 392 441 xxii
704 391 879 438 rnnnrou.

317 549 513 614 Aldroenus
532 568 594 612 rex
615 568 636 610 a
656 546 798 612 Conano
822 555 979 629 quartus,
998 545 1054 609 cui
1077 544 1266 609 Maximia-

318 668 384 712 nus
413 658 581 732 tyrannus
612 667 754 728 regnum
782 648 867 711 illud
897 646 1061 723 dederam
1096 646 1168 727 qni,
1191 646 1267 708 viso

318 756 427 812 tantae
439 749 640 812 reverentiae
654 749 740 824 viro,
752 747 848 812 illum
865 766 943 810 cum
957 745 1086 810 honore
1101 746 1265 831 suscepit,

318 847 368 912 At
394 847 683 930 archiepiscopus,
712 846 882 911 adventus
909 846 963 909 sni
991 863 1133 909 cansam
1161 864 1268 925 expo-

318 968 415 1024 nens,
431 948 600 1013 infletum
618 948 775 1030 prorupit
788 955 823 1011 et
834 946 935 1022 dixit,
954 945 1068 1008 ‘Satis
1086 951 1154 1008 tuae
1170 945 1267 1008 nobi-

318 1048 409 1112 litati
436 1056 545 1130 patet,
573 1066 648 1124 rex,
668 1047 818 1130 qualiter
844 1046 1092 1120 Maximianum
1120 1045 1179 1126 qui
1202 1043 1268 1108 hoc

317 1167 462 1229 regnum
481 1148 579 1212 vobis
596 1146 754 1223 contulit,
770 1146 918 1209 insulam
937 1153 1089 1208 nostram
1111 1145 1183 1206 suis
1205 1144 1269 1206 mi-

318 1247 437 1311 litibus
469 1246 683 1329 spoliaverit,
713 1246 929 1328 qualiterque
958 1264 1034 1308 eam
1066 1263 1087 1307 a
1116 1244 1199 1306 viris
1231 1252 1267 1307 et

318 1342 669 1410 loeminis'nobilibus
699 1364 844 1409 vacuam
882 1344 1070 1425 reliquerit,
1100 1352 1135 1406 et
1163 1362 1268 1425 qnam

319 1446 489 1509 miseriam
505 1464 568 1509 nos
586 1444 692 1508 vestri
709 1446 867 1508 concives
884 1444 977 1526 passi
992 1444 1169 1518 fuerimus,
1184 1442 1265 1506 dum

317 1545 420 1609 modo
438 1546 595 1608 omnibns
610 1545 808 1608 nationibus
825 1544 943 1625 praeda
957 1562 1074 1605 sumus
1089 1549 1123 1606 et
1135 1544 1267 1623 rapina.

321 1644 403 1709 Non
418 1644 529 1709 solum
551 1644 594 1707 ab
614 1644 714 1708 hoste
731 1644 951 1727 deprimimur
967 1643 1027 1706 sed
1045 1642 1160 1724 potius
1177 1641 1266 1706 same

318 1745 494 1821 morimur,
517 1745 667 1807 maxime
690 1763 767 1807 cunr
791 1744 883 1807 omni
906 1762 1030 1824 genere
1052 1742 1181 1823 pabuli,
1204 1763 1267 1805 ex·

318 1852 419 1926 cepto
452 1845 537 1908 artis
570 1845 757 1908 venatoriae
789 1842 927 1917 solatio,
956 1861 1145 1906 careamus.
1208 1841 1266 1906 Ab

319 1945 412 2009 omni
438 1944 545 2025 igitur
576 1943 646 2007 alia
676 1963 737 2024 spe
767 1943 906 2024 repulsi,
939 1942 1087 2023 gratiam
1114 1948 1267 2004 vestram

319 2044 501 2118 adivimus,
527 2062 601 2118 rex,
628 2042 851 2124 implorantes
881 2050 920 2105 ut
946 2041 1143 2124 praesidium
1170 2041 1266 2104 adbi-

319 2144 403 2206 beas
425 2141 653 2224 personaliter
674 2142 853 2218 accedens,
876 2150 912 2205 et
927 2161 1071 2222 regnum
1089 2140 1149 2204 tibi
1172 2140 1267 2204 debi-

320 2248 406 2318 tum,
429 2241 583 2324 expulsis
602 2242 769 2318 barbarie,
792 2242 835 2304 ad
857 2241 991 2305 lihitum
1010 2241 1185 2323 disponas,
1207 2261 1267 2323 po-

318 2341 437 2423 pulum
452 2359 566 2421 regas,
586 2349 620 2405 et
638 2343 798 2423 patriam,
816 2361 893 2423 quae
922 2340 1003 2404 olim
1032 2358 1139 2421 regna
1163 2339 1266 2422 longe

318 2440 433 2523 posita
457 2440 522 2503 sibi
548 2441 755 2524 subjecerat,
782 2441 824 2503 ad
849 2441 1031 2522 pristinum
1057 2447 1187 2503 statum
1212 2460 1266 2504 re·

318 2539 446 2605 ducas!
498 2538 654 2622 Cumque
673 2540 748 2604 haec
767 2548 803 2604 et
819 2539 887 2603 alia
905 2539 1183 2621 archiepiscopus
1205 2540 1265 2603 diu

319 2640 517 2720 allegasset,
530 2660 593 2703 rex
613 2642 648 2703 in
673 2639 764 2703 hune
784 2637 921 2702 modum
944 2639 1132 2720 respondit,
1150 2638 1265 2702 ‘Olim

319 2746 455 2822 tempus
468 2746 555 2815 erat,
572 2759 640 2821 quo
658 2759 726 2803 non
740 2757 900 2820 negarem
915 2739 1062 2801 insulam
1073 2738 1265 2803 Britanniae

318 2841 482 2921 recipere,
497 2840 569 2915 sed,
589 2839 751 2922 quoniam
769 2838 958 2903 infortunia
975 2846 1202 2914 accesserunt,
1214 2839 1265 2901 vi·

318 2938 384 3002 lior
410 2938 494 3003 mihi
524 2937 618 3003 facta
645 2946 698 3002 est
726 2947 762 3004 et
788 2939 872 3002 meis
899 2938 1109 3020 principibus
1133 2937 1264 3002 odiosa.

319 3036 569 3117 Veruntamen,
592 3058 633 3103 eo
657 3038 749 3121 quod
774 3039 831 3102 avi
856 3045 893 3101 et
912 3037 1006 3100 atavi
1031 3035 1098 3100 mei
1117 3036 1263 3100 insulam

317 3137 411 3201 illam
438 3145 635 3212 tenuerunt,
662 3138 761 3201 trado
787 3137 885 3200 vobis
908 3135 1172 3199 Constantinum
1195 3135 1265 3199 fra·

318 3243 405 3300 trem
422 3256 545 3312 meum,
561 3242 597 3299 et
606 3236 674 3299 duo
691 3235 798 3299 millia
812 3234 958 3298 militum
973 3254 1051 3298 curn
1062 3254 1123 3311 003
1148 3235 1219 3317 qui,
1233 3237 1264 3299 si

318 3335 416 3399 Deus
438 3335 642 3417 permiserit,
664 3336 812 3416 patriam
835 3335 879 3398 ab
900 3332 1050 3398 hostium
1073 3334 1264 3416 irruptione

316 3434 488 3511 liberabit,
506 3441 611 3516 atque
627 3434 820 3498 diademate
840 3433 965 3497 ibidem
984 3432 1168 3515 insignitus
1183 3454 1261 3498 cum

315 3534 427 3616 gloria
444 3541 479 3597 et
496 3532 625 3597 honore
648 3554 790 3616 regnum
808 3533 1020 3617 possidebit!
1071 3532 1144 3598 Vix
1160 3533 1263 3598 finem

315 3631 450 3696 dicendi
463 3632 546 3698 fecit
554 3653 629 3710 rex,
641 3654 717 3698 cnm
734 3634 1024 3717 archiepiscopus,
1036 3641 1160 3697 vocato
1173 3632 1262 3699 Con-

314 3733 480 3811 stantino,
506 3733 581 3797 viro
610 3733 646 3797 in
674 3735 797 3798 militia
825 3734 1029 3817 approbato,
1061 3734 1093 3797 ei
1125 3733 1160 3795 in
1187 3733 1262 3799 haec

313 3833 420 3896 verba
445 3833 573 3910 arrisit,
600 3832 784 3898 ‘Christus
807 3833 924 3905 vincit,
950 3832 1108 3897 Christus
1127 3841 1259 3915 regnat,

313 3930 474 3996 Christus
489 3933 656 4015 imperat3
680 3934 771 3997 adsit
785 3934 894 4014 igitur
909 3931 1068 3997 Christus
1091 3934 1164 4014 regi
1185 3934 1260 3998 Bri-

312 4032 453 4108 tanniee,
482 4033 540 4115 qui
569 4039 621 4097 est
641 4033 793 4097 defensio
818 4040 947 4109 nostra,
964 4039 1003 4096 ut
1023 4033 1171 4096 insulam
1197 4035 1260 4098 mi·

310 4133 488 4196 serrimam
503 4132 546 4195 ad
563 4133 742 4214 pristinam
758 4132 951 4198 libertatem
969 4131 1135 4196 reducat.'
1166 4132 1259 4211 Quid
