2888 4852
448 447 587 496 scores
610 448 881 497 flrsromlsoo.
1070 432 1137 499 453

183 603 302 678 visset,
326 604 503 668 obsidione
526 606 678 683 dimissa,
709 605 876 669 Merciam
898 606 1022 670 iterum
1045 626 1134 689 pree-

182 701 327 765 daturus
356 704 513 781 intravit,
542 713 577 769 et
603 707 682 769 inde
710 706 745 768 in
777 705 1133 770 Northanhumbriam

182 802 322 865 veniens
338 802 432 866 illam
449 805 625 886 spoliavit,
642 813 677 869 et
696 798 907 869 ¹Uthredum
923 815 1029 888 atque
1042 806 1132 870 Tur-

182 899 304 964 killum
332 905 475 966 comites
500 905 624 968 ibidem
650 906 805 987 peremit,
828 914 864 968 et
888 926 952 988 pro
976 906 1132 970 Uthredo

183 996 364 1081 Egricum²
386 1005 544 1067 comitem
567 1005 770 1084 constituit3
802 1024 872 1088 quo
894 1005 1000 1082 sacto,
1016 1005 1131 1071 Cnuto
1172 1050 1177 1057 -

180 1108 298 1181 partes
333 1103 504 1166 australes
529 1113 649 1187 petens
681 1123 759 1168 cum
791 1105 912 1186 spoliis
948 1105 992 1169 ad
1024 1125 1131 1170 naves

180 1200 282 1264 rediit
297 1210 333 1265 et
350 1204 492 1285 rapinis.

295 1377 345 1441 Do
360 1386 454 1442 neone
470 1377 549 1463 repis
561 1377 723 1443 Etlelredi
737 1389 766 1444 et
780 1380 817 1445 do
829 1380 1009 1446 moesone

572 1479 730 1544 Onetoois.

232 1594 351 1666 Circa³
366 1601 429 1666 hos
452 1603 599 1686 denique
621 1603 694 1666 dies
716 1622 780 1668 rex
796 1602 991 1688 Anglorum
1009 1603 1129 1668 Ethel·
1143 1628 1246 1670 nudor

180 1701 294 1777 redas
311 1710 391 1785 post
408 1722 553 1784 magnos
568 1701 672 1787 hujus
687 1705 771 1768 vitae
789 1704 927 1768 labores
949 1710 984 1767 et
1007 1722 1130 1767 aerum·
1143 1679 1265 1721 “M

181 1821 257 1878 nas,
274 1822 365 1865 nono
379 1800 545 1865 kalendas
564 1802 651 1865 Maii
668 1803 757 1867 diem
772 1804 897 1867 clausit
918 1823 1129 1886 supremum,

179 1908 215 1964 et
237 1903 273 1964 in
292 1902 439 1965 ecclesia
459 1903 572 1965 sancti
588 1902 691 1966 Pauli
714 1903 750 1966 in
773 1905 858 1967 urbe
874 1903 1130 1967 Londoniarum

179 2002 336 2083 sepultus
352 2010 417 2066 est.
470 2001 550 2080 Quo
564 2001 738 2079 defuncto,
753 2004 905 2066 maxima
921 2021 1002 2085 pars
1019 2003 1129 2084 regni,

180 2109 252 2165 tem
278 2102 479 2165 clericorum
506 2121 610 2184 quam
638 2103 816 2179 laicorum,
841 2103 877 2166 in
911 2122 1018 2166 unum
1048 2123 1130 2167 con·

180 2209 339 2282 gregata,
364 2203 439 2284 pari
468 2221 638 2265 consensu
660 2200 852 2266 Cnutonem
879 2202 1069 2284 elegerunt,
1094 2210 1129 2267 et

180 2300 324 2364 adeum
347 2303 525 2365 venientes
551 2320 670 2384 pacem
696 2320 774 2365 cum
802 2321 843 2365 eo
866 2303 1072 2384 pepigerunt
1094 2309 1129 2366 et

178 2399 379 2465 fidelitatem
395 2402 562 2465 fecerunt.
615 2401 688 2466 Soli
705 2402 798 2467 cives
815 2401 1074 2466 Londonienses
1093 2409 1129 2466 et

179 2520 260 2582 pars
277 2501 443 2565 nobilium
459 2502 585 2566 ibidem
599 2503 789 2566 existentes
807 2501 1047 2566 Eadmundum
1059 2502 1128 2565 La·
1140 2522 1263 2566 mamone

179 2601 401 2665 tus-ferreum
418 2603 511 2684 regis
534 2602 640 2666 filium
663 2603 700 2665 in
718 2621 834 2683 regem
853 2610 1051 2678 erexerunt,
1068 2603 1128 2684 qui
1139 2576 1252 2616 ¹¹⁰⁰'¹¹‘¹⁸'

179 2699 222 2763 ad
254 2701 390 2765 culmen
425 2701 632 2765 sublimatus
667 2702 772 2782 regiae
800 2702 980 2782 dignitatis
1013 2700 1127 2765 West-

178 2801 360 2864 saxoniam
389 2800 582 2883 intrepidus
610 2800 697 2863 adiit
729 2807 776 2877 ct,
805 2801 849 2863 ab
873 2801 966 2863 omni
997 2800 1128 2883 populo

178 2906 359 2981 gratanter
380 2908 575 2982 susceptus,
594 2898 808 2982 provinciam
830 2899 926 2964 illam
950 2919 1024 2963 suae
1046 2900 1127 2963 diti-

178 2999 236 3062 oni
259 3000 418 3082 subegit3
442 3000 568 3082 quibus
590 2999 730 3076 auditis,
749 3001 901 3064 maxima
922 3017 1004 3081 pars
1029 3000 1126 3082 regni

178 3118 254 3162 sese
288 3099 492 3163 Eadmundo
530 3099 689 3184 subJecit.
754 3099 870 3164 Cnuto
910 3118 1047 3182 quoque
1081 3098 1126 3162 ad

179 3199 365 3263 Dorsetam
391 3198 563 3264 hostiliter
584 3199 737 3276 veniens,
763 3199 858 3263 illam
884 3199 1039 3263 obtinere
1064 3217 1126 3264 va·

176 3299 292 3378 cavit3
324 3300 380 3363 cui
406 3299 631 3362 Eadmundus
662 3297 834 3363 hostiliter
865 3318 1060 3375 occurrens,
1089 3299 1125 3361 in

177 3399 267 3476 loco,
298 3400 359 3481 qui
389 3399 590 3463 ‘Pennnm’
614 3399 752 3476 dicitur,
781 3399 903 3481 quinto
924 3398 1002 3462 idus
1027 3398 1126 3462 Junii

177 3519 253 3563 cum
279 3519 320 3563 eo
352 3500 590 3580 congrediens,
622 3499 735 3581 ipsum
760 3518 838 3562 cum
866 3498 939 3561 suis
965 3499 1126 3563 omnibus

176 3600 348 3663 devictum
364 3599 401 3661 in
417 3599 535 3681 sugam
553 3599 678 3680 coegit.

210 3834 218 3865 ¹
233 3829 389 3902 Utendum]
407 3834 567 3897 Malmsbnry
578 3849 637 3896 says
698 3830 709 3862 ⁸
721 3835 794 3884 Circo
803 3835 845 3883 hor
853 3834 953 3897 datque
963 3834 1036 3898 dica]
1049 3835 1125 3895 Upon

175 3907 230 3955 that
243 3904 276 3954 he
286 3919 342 3953 was
357 3905 423 3952 elain
437 3905 587 3953 ‘barbarica
602 3906 638 3955 le·
661 3903 704 3953 the
720 3905 782 3953 time
798 3904 827 3954 of
841 3904 883 3953 the
895 3904 971 3953 death
983 3904 1013 3953 oi
1020 3903 1125 3953 Acthei·

175 3975 277 4037 ritate;'
288 3974 637 4037 andFlorence,bythehand
661 3975 716 4036 red,
734 3975 785 4023 and
804 3974 847 4023 the
865 3980 952 4023 events
971 3978 1126 4034 consequent

175 4047 205 4096 oi
211 4044 386 4101 Thurebrand
398 4060 414 4093 a
425 4046 498 4094 noble
511 4044 595 4094 Dane.
661 4059 730 4105 upon
740 4043 783 4093 the
794 4046 938 4093 succeseion
952 4042 980 4092 oi
990 4042 1125 4092 Eadmund

211 4109 392 4181 mptum]
430 4115 465 4163 So
500 4115 638 4175 Florence3
661 4114 796 4175 Iron-side,
804 4114 847 4163 the
855 4114 989 4163 historiam
996 4117 1126 4175 appearto

176 4187 271 4249 ‘Yric‚'
282 4187 343 4235 Sax.
356 4185 449 4236 Chron.
663 4185 694 4233 be
705 4185 864 4234 unanimous.
