2888 4852
359 408 426 472 406
607 421 742 469 aocunr
767 419 813 467 nn
837 416 1046 467 vvnunovna

533 648 620 731 Quod
635 671 688 716 rac
702 649 856 714 Eudwius
869 671 892 712 c
906 670 997 736 ropac
1002 648 1146 735 peditur.

199 799 309 842 nour.
412 776 517 841 Anno
540 774 682 840 Domini
705 790 906 839 nccccuvn.
931 766 1010 837 ¹rex
1033 770 1199 849 Eadnius,
1224 790 1315 854 quo·

199 851 298 953 ma
361 877 456 942 niam
479 876 515 939 in
539 874 706 957 regimine
726 874 793 940 sibi
807 874 989 939 commisso
1010 872 1212 956 insipienter
1225 872 1315 954 egit,

362 995 386 1041 a
403 974 641 1040 Mercensibus
666 975 804 1058 populis
820 980 856 1039 et
871 971 1088 1038 Norensibus
1105 978 1159 1036 est
1170 972 1314 1054 penitus

361 1073 560 1153 derelictus,
575 1094 697 1158 nempe
724 1074 899 1156 sapientes
913 1091 1070 1156 quosque
1085 1071 1183 1153 regni
1198 1079 1234 1135 et
1249 1091 1316 1135 no-

362 1175 449 1241 biles
475 1174 555 1239 odio
576 1174 744 1239 vanitatis
768 1172 982 1256 disperdens,
1001 1172 1154 1253 ignaros
1184 1169 1313 1234 nihilo-

363 1275 477 1339 minus
493 1282 529 1339 et
542 1275 680 1356 iniquos
695 1273 812 1338 studio
828 1272 1024 1337 dilectionis
1039 1271 1189 1336 fovebat.
1229 1269 1314 1349 Quo

363 1374 519 1438 unanimi
550 1374 702 1439 omnium
732 1373 986 1456 conspiratione
1016 1369 1163 1454 dejecto,
1196 1368 1315 1452 elege-

363 1480 457 1550 runt,
470 1473 548 1538 Deo
561 1474 725 1551 dictante,
736 1473 877 1537 fratrem
894 1464 1192 1555 ejus¹Eadgarum
1206 1470 1242 1533 in
1257 1490 1315 1534 re·

363 1593 442 1654 gem
460 1580 508 1650 et,
528 1581 703 1638 annuente
719 1572 862 1657 populo,
883 1590 939 1636 res
961 1570 1059 1663 regni
1080 1569 1219 1652 publica
1241 1569 1315 1633 dis-

363 1673 492 1755 pertita
518 1673 610 1737 inter
635 1672 772 1748 fratres,
798 1670 980 1735 Thamesis
1008 1668 1135 1733 fluvius
1166 1688 1315 1750 regnum

362 1772 619 1836 disterminaret
639 1773 837 1850 amborum3
860 1779 945 1835 tunc
969 1769 1150 1851 Eadgarus
1173 1770 1315 1833 beatum

362 1871 586 1936 Dunstanum
603 1873 647 1936 ab
663 1871 769 1936 exilio
793 1871 984 1948 reductum,
997 1863 1051 1932 ⁸iu
1069 1869 1162 1933 omni
1183 1868 1315 1934 honore

363 1972 517 2036 restituit
548 1970 702 2054 pristinae
737 1970 926 2052 dignitatis.
994 1969 1153 2033 Excurso
1189 1968 1315 2032 dehinc

363 2071 461 2136 brevi
482 2073 648 2153 temporis
671 2070 867 2147 intervallo,
887 2063 1120 2135 *Kenwoidus
1134 2067 1315 2149 Wigorni·

363 2170 455 2234 ensis
486 2171 640 2235 ecclesiae
675 2171 857 2253 episcopus
887 2168 1099 2250 defungitur,
1129 2176 1165 2232 et
1190 2168 1315 2232 beatus

363 2268 582 2347 DunstanuS,
612 2270 694 2333 licet
721 2269 868 2332 multum
898 2269 1062 2346 renitens,
1094 2267 1235 2345 electus,
1267 2270 1317 2332 ab

364 2367 485 2432 Odone
500 2368 741 2433 Cantuariensi
759 2368 1017 2451 archiepiscopo
1034 2374 1267 2433 consecratur.

491 2539 541 2605 Do
554 2539 779 2624 archieptscopo
786 2561 848 2626 per
861 2539 1024 2605 rimaraum
1032 2549 1183 2625 promoto.

414 2663 518 2728 Anno
541 2664 683 2728 Domini
710 2659 1128 2729 nccccuv111.⁵defuncto
1160 2665 1312 2730 Brithel-

363 2784 432 2841 mo,
448 2763 682 2828 Londoniensi
706 2764 881 2847 episcopo,
897 2783 960 2827 rex
975 2763 1157 2846 Eadgarus
1179 2766 1215 2828 in
1234 2765 1312 2830 loco

362 2863 438 2947 ejus
454 2866 593 2928 beatum
609 2863 790 2927 substituit
802 2862 1022 2926 Dunstanum
1037 2884 1046 2943 ;
1064 2865 1136 2945 qui,
1151 2866 1311 2947 protinus

363 2962 454 3045 apud
471 2963 819 3027 westmonasterium
842 2970 1041 3027 constructo
1063 2964 1107 3026 ad
1131 2963 1312 3028 duodecim

362 3063 549 3126 monachos
575 3062 747 3138 coenobio,
768 3062 805 3125 in
827 3061 904 3126 loco
926 3063 984 3126 ubi
1000 3062 1174 3145 quondam
1195 3063 1312 3128 Melli-

362 3169 419 3225 tus
436 3162 617 3245 episcopus
632 3163 736 3225 beato
750 3160 857 3225 Petro
873 3161 1051 3226 ecclesiam
1069 3161 1312 3242 fabricaverat,

361 3270 520 3326 sanctum
548 3261 748 3325 Wlstanum
776 3260 901 3324 ibidem
929 3261 1108 3326 constituit
1138 3264 1310 3329 abbatem.

360 3353 503 3425 ⁶Eodem
514 3381 605 3426 anno
617 3368 759 3425 sanctus
771 3359 861 3439 Odo,
874 3360 1134 3426 cantuariensis
1143 3363 1312 3446 archiepi-

393 3579 480 3633 ¹Rex
502 3585 643 3649 Endeira]
675 3586 730 3636 ‘I’he
752 3601 822 3636 same
880 3585 1312 3650 ‘Kenwoldus,]0rCoenwalehius.

358 3658 445 3702 events
460 3669 504 3703 are
522 3656 644 3704 recorded
655 3656 689 3717 by
701 3657 821 3706 Florence
880 3653 1023 3716 ‘Meneta
1039 3658 1198 3724 aarum]
1220 3662 1311 3711 ‘End.

357 3722 407 3772 and
429 3724 456 3771 iu
477 3723 519 3773 the
543 3725 604 3774 Sax.
623 3724 716 3777 chron.
735 3727 762 3774 in
779 3726 822 3775 the
845 3740 923 3787 garns
949 3727 1150 3777 Londoniensem
1177 3729 1311 3781 ecclesiam

357 3807 426 3841 same
438 3808 507 3854 year.
845 3796 888 3856 pio
913 3802 1013 3857 pastore
1031 3798 1161 3847 viduatam
1186 3803 1312 3852 commisit

391 3858 577 3926 'Eudgorarud
595 3864 638 3913 He
654 3879 709 3914 was
727 3870 755 3914 at
771 3865 822 3913 this
845 3866 998 3926 regendam!
1015 3866 1255 3931 Flor.;comp.Act.
1262 3873 1310 3925 SS.

356 3933 416 3981 time
427 3932 486 3994 only
497 3933 611 3982 iourteen
622 3949 696 3995 years
713 3935 742 3984 oi
756 3949 821 3997 age3
845 3935 910 3984 Mai.
923 3936 957 3984 iv.
970 3951 996 3997 p.
1009 3939 1066 3986 ³5⁵.

356 4001 591 4052 Flor.adan.969.
880 4001 993 4053 motem
1014 4021 1077 4055 uano
1104 4012 1202 4057 mm
1226 4010 1309 4076 Ode]

390 4069 450 4120 ’Ia
472 4072 537 4120 omni
566 4072 653 4120 bonore
681 4072 820 4135 restituit]
846 4072 969 4134 Compare
989 4075 1056 4125 Flor.
1072 4075 1105 4124 ad
1122 4092 1164 4126 an.
1177 4082 1236 4140 9⁵8,
1246 4083 1310 4131 with

356 4139 480 4202 Compare
508 4138 628 4191 Osberu's
654 4142 709 4205 lite,
739 4142 819 4204 nugi.
846 4143 955 4204 Orbem,
966 4145 1010 4194 liic
1027 4145 1056 4194 oi
1069 4146 1138 4210 odo,
1148 4148 1226 4211 Angl.
1237 4151 1309 4203 Sacr.

354 4210 425 4262 Sacr.
436 4212 465 4260 ii.
476 4227 502 4274 p.
515 4216 571 4263 tut.
845 4213 872 4262 ii.
884 4228 912 4276 p.
923 4218 964 4265 84.
