2888 4852
426 425 565 473 rnonns
589 425 859 476 ursrouraauu.
1049 412 1115 477 333

162 581 279 644 hostes
303 581 346 644 de
370 582 447 646 loco
470 581 667 645 certaminis
688 582 874 665 fugientes,
892 582 966 646 siue
984 584 1114 665 pietate

163 681 323 758 insecuti,
348 701 462 745 arcem
490 682 676 764 quandam,
703 703 783 764 quae
810 702 917 765 prope
948 690 1036 758 erat,
1064 684 1114 746 irr-

164 780 261 861 gredi
279 783 531 863 compulerunt‚
547 783 606 845 ubi
626 795 852 865 quaecumque
877 788 978 845 extra
1000 800 1115 846 arcem

164 880 318 943 invenire
342 888 504 963 poterant
526 883 562 944 in
585 883 683 962 equis
701 889 736 945 et
753 882 917 945 armentis
940 881 1115 962 rapientes

164 978 386 1062 hominesque
412 982 631 1063 perimentes,
653 1000 767 1043 arcem
794 981 936 1044 inclusis
959 980 1121 1046 hostibus

166 1079 394 1158 obsederunt;
422 1081 479 1142 ubi
503 1100 580 1143 curn
599 1100 660 1162 per
676 1081 749 1143 dies
772 1079 966 1161 quindecim
982 1079 1121 1149 obsidio*

166 1186 337 1259 ageretur,
361 1181 488 1261 pagani
510 1179 600 1242 fame
622 1179 726 1242 simul
748 1187 783 1243 et
799 1179 967 1245 evadendi
992 1179 1116 1260 despe-

165 1278 299 1341 ratione
323 1279 433 1341 attriti
464 1297 583 1360 pacem
608 1279 670 1341 tali
701 1279 898 1343 conditione
930 1279 1116 1360 petierunt,

166 1384 206 1439 ut
223 1378 320 1458 regni
338 1386 373 1441 et
390 1378 481 1459 regis
506 1378 761 1441 infestationem
783 1385 951 1461 perpetuo
976 1377 1116 1460 abjura-

166 1483 253 1541 rent.
307 1475 394 1540 Cum
426 1478 550 1559 quihus
583 1477 687 1540 etiarn
716 1476 830 1559 Gytro
852 1496 915 1540 rex
941 1497 1059 1540 eorum
1081 1477 1117 1538 in

167 1584 264 1640 arcto
296 1578 506 1640 constitutus
531 1576 632 1639 iidem
657 1576 786 1640 Christi
808 1596 846 1639 se
873 1583 1116 1659 suscepturum

168 1676 336 1757 promisit,
352 1695 431 1759 quae
453 1677 579 1751 omnia,
604 1683 642 1739 ut
659 1677 875 1757 promiserat,
893 1675 1039 1740 fideliter
1054 1674 1116 1738 ad·

169 1776 347 1857 implevit;
375 1794 454 1838 uam
469 1781 550 1857 post
566 1774 639 1836 dies
655 1774 849 1857 quindecim
867 1775 956 1839 idem
977 1795 1039 1838 rex
1057 1793 1118 1857 pa·

169 1894 281 1956 ganus
299 1895 375 1938 cum
400 1875 545 1955 triginta
568 1874 782 1938 electissimis
808 1875 851 1939 de
877 1875 1032 1938 exercitu
1054 1893 1118 1937 suo

169 1974 265 2050 viria
283 1994 351 2039 non
374 1974 476 2054 longe
499 1974 542 2036 ab
561 1972 789 2053 Ethelingeie,
815 1975 851 2037 in
874 1973 951 2038 loco
974 1974 1033 2054 qui
1055 1993 1118 2055 pa·

171 2075 239 2137 tria
256 2075 376 2156 lingua
393 2068 420 2107 ¹‘
433 2072 532 2136 Alre'
549 2071 685 2148 dicitur,
703 2074 901 2154 baptizatus
929 2079 993 2148 est,
1016 2079 1052 2135 et
1074 2072 1118 2136 ah

173 2171 315 2237 Alfredo
342 2193 423 2255 rege
447 2174 489 2236 de
512 2172 607 2236 sonte
630 2172 778 2249 levatus,
807 2192 829 2236 a
860 2192 930 2253 quo
957 2172 1060 2235 etiam
1082 2171 1119 2234 iu

172 2273 279 2336 filium
296 2273 492 2355 adoptionis
508 2272 678 2335 admissus
693 2272 917 2354 patrinusque
932 2270 1007 2355 ejus
1022 2269 1121 2334 effec-

173 2382 242 2449 tae,
260 2374 372 2455 ipsum
389 2380 523 2436 mutato
547 2373 684 2436 nomine
700 2371 944 2436 Athelstauum
960 2369 1119 2448 vocavit;

173 2473 273 2556 cujus
294 2472 489 2536 chrismatis
506 2472 676 2554 depositio
697 2477 823 2536 octavo
839 2471 894 2535 die
910 2471 945 2534 in
961 2469 1046 2533 villa
1068 2487 1121 2530 re-

173 2574 232 2654 gia
249 2572 341 2636 sacta
359 2580 423 2648 est,
441 2592 519 2655 quae
529 2566 555 2605 ²‘
571 2570 751 2635 Wadmor’
763 2579 993 2652 nuncupatur,
1008 2576 1043 2632 et
1059 2587 1121 2630 rex

173 2692 284 2754 nuper
302 2674 509 2755 baptizatus,
530 2691 606 2734 curn
635 2670 712 2733 aliis
735 2671 794 2752 qui
817 2690 896 2733 cum
920 2669 996 2751 ipso
1020 2667 1121 2731 iidem

175 2771 306 2836 Christi
333 2777 568 2853 susceperant,
588 2768 767 2832 duodecim
794 2768 914 2833 diebus
939 2788 1018 2832 cum
1041 2787 1122 2848 rege

175 2870 319 2934 Alfredo
346 2872 381 2932 in
406 2889 534 2950 magua
557 2869 680 2932 laetitia
707 2876 964 2946 remanserunt;
997 2867 1122 2948 quibus

175 2990 237 3033 rex
254 2972 290 3032 in
311 2988 447 3032 recessu
464 2987 528 3030 suo
542 2968 652 3031 multa
668 2969 812 3031 donaria
825 2975 860 3031 et
874 2967 1026 3048 pretiosa
1042 2985 1125 3028 con·

176 3069 302 3146 serens,
329 3068 477 3151 principi
502 3087 620 3131 eorum
641 3066 849 3132 Athelstano
876 3065 1123 3146 Est-angliam,
1178 3058 1184 3069 ⁴

176 3170 210 3231 iu
237 3189 307 3252 qua
334 3176 475 3232 sanctus
509 3175 717 3249 regnaverat
744 3167 981 3243 Eadmundus‚
1012 3164 1055 3227 de
1087 3182 1124 3227 se

175 3268 356 3332 tenendam
371 3267 550 3331 concessit.

300 3441 342 3504 Ut
361 3441 460 3525 Gytre
477 3463 531 3505 rac
548 3440 765 3526 Est-anpliam
780 3439 1008 3506 inhabitaverit.

226 3564 329 3629 Anno
355 3566 495 3630 Domini
521 3583 748 3629 occcuxxrx.
774 3565 943 3629 nefandus
968 3581 1247 3647 pagano-auae.

176 3686 250 3728 rurn
275 3685 419 3729 acervus
439 3665 701 3730 Cirencestriam
718 3666 914 3748 relinquens
930 3664 973 3728 ad
990 3635 1246 3745 Anglosiffl‘e'x.

177 3766 362 3829 orientales
387 3767 553 3848 perrexit,
576 3766 635 3829 ubi
656 3764 770 3848 Gytro
796 3785 857 3828 rex
885 3785 993 3847 nuper
1012 3764 1126 3846 bapti—

176 3875 275 3929 zatus
293 3868 467 3948 regionem
485 3866 580 3929 illam
596 3867 685 3928 inter
702 3865 789 3927 suos
801 3865 969 3939 dividens,
992 3862 1126 3926 inhabi-

214 4149 219 4177 ¹
231 4151 291 4198 Alrc
301 4145 324 4213 ,·]
338 4148 466 4210 supposed
478 4154 503 4197 to
515 4150 546 4198 hu
558 4148 639 4209 Aller,
701 4145 712 4176 ²
733 4147 873 4209 Wadmor.]
902 4147 950 4193 ‘W
951 4143 1045 4208 etmor,'
1067 4149 1129 4198 Sax.

176 4235 237 4269 near
249 4219 356 4267 Athelne
360 4234 384 4278 y.
668 4217 777 4278 Chron.;
794 4212 960 4278 ‘Waednror,’
972 4218 1059 4266 Aeser.
