2888 4852
446 432 585 480 rucans
609 433 877 483 msronmuun.
1069 421 1134 485 309

183 589 332 652 moriens
373 598 408 654 et
440 592 555 674 patria
584 592 681 655 miles
714 612 850 675 possem
885 592 958 656 fieri
988 594 1131 675 signifer

183 688 293 769 Regis
308 691 454 755 aeterni?

234 788 299 852 Cui
321 791 479 869 antistes,
503 790 623 871 ‘Quos
647 791 733 870 rex,'
752 793 877 875 inquit,
893 797 903 826 ‘
918 791 1001 855 mibi
1025 793 1129 858 dilec-

181 887 323 965 tissime,
355 898 456 972 optas
491 891 615 974 patriae
648 893 852 974 superstites
891 891 1029 969 habere,
1061 894 1127 958 nisi

179 986 272 1069 fugae
301 989 462 1070 praesidio
494 991 742 1072 praecaveritis,
770 992 917 1056 aderunt
946 992 1128 1057 confestim

178 1087 371 1168 proditores
387 1089 537 1166 nefandi,
555 1091 614 1173 qui
637 1098 671 1154 te
693 1110 771 1154 cnm
791 1091 853 1154 tibi
874 1089 1040 1174 subjectis
1062 1111 1126 1156 an·

178 1185 266 1250 serre
283 1186 452 1251 demedio
469 1187 707 1254 conabuntur!
756 1187 808 1254 At
821 1210 884 1255 rex
898 1190 1123 1255 clementissi·

177 1305 265 1363 mus,
281 1291 291 1320 ‘
306 1285 386 1351 Hoc
408 1287 483 1365 est,’
500 1289 623 1372 inquit,
641 1288 754 1373 ‘quod
777 1290 868 1354 votis
887 1291 1045 1353 omnibus
1063 1309 1126 1355 an·

179 1392 318 1468 tepono,
336 1406 379 1451 ne
403 1389 571 1471 supersim
593 1389 677 1451 meis
699 1387 857 1452 fidelibus
879 1397 915 1452 et
936 1390 1122 1454 carissimis

176 1485 307 1560 amicis,
332 1505 420 1568 quos
444 1488 570 1552 furtive
591 1488 704 1570 pirata
723 1487 872 1570 perdidit
886 1488 1121 1570 truculentus3

176 1585 363 1667 etquidem
385 1588 555 1668 suggeris,
570 1595 610 1650 ut
626 1586 746 1669 gloriae
768 1595 896 1651 nostrae
921 1587 1050 1651 crimen
1069 1589 1122 1652 in·

176 1683 296 1761 seram,
309 1686 369 1768 qni
379 1705 554 1768 nunquam
568 1686 700 1750 militiae
714 1686 840 1768 probra
854 1685 1031 1769 hucusque
1045 1706 1122 1750 sus-

176 1783 273 1848 tinui.
326 1784 391 1848 Est
405 1805 543 1869 quoque
569 1785 652 1849 mihi
681 1805 785 1868 super
806 1784 871 1849 hoc
895 1786 1024 1851 arbiter
1040 1787 1121 1852 Rex

175 1884 335 1959 caelestis,
365 1885 458 1967 quod
491 1885 607 1949 nullus
630 1904 684 1949 me
711 1886 933 1949 barbarorum
958 1893 1071 1950 metus
1099 1906 1122 1951 a

174 1984 318 2047 caritate
336 1983 465 2048 Christi
484 1985 558 2049 sive
572 1985 701 2061 vivum,
719 1985 793 2047 sive
818 1993 1002 2062 mortuum,
1019 2005 1121 2069 sepa·

175 2082 288 2146 rabit.’
333 2083 432 2147 Tunc
455 2103 642 2150 conversus
660 2083 704 2148 ad
719 2083 877 2147 nuntium
901 2085 1120 2150 beatissimus

174 2202 237 2245 rex
271 2182 508 2262 Eadmundus,
542 2184 600 2268 qui
636 2186 680 2247 ab
719 2182 883 2266 Hinguar
917 2184 1120 2266 impiissimo

174 2280 287 2346 fuerat
312 2282 518 2360 destinatus,
540 2283 809 2359 ‘Madefactus,'
826 2282 950 2366 inquit,
975 2289 1119 2350 ‘cruore

173 2400 324 2445 meorum
350 2383 470 2446 mortis
496 2382 667 2466 supplicio
692 2382 818 2464 dignus
842 2383 1029 2463 existeres3
1058 2383 1119 2447 sed

172 2478 302 2544 Christi
319 2482 385 2545 mei
402 2483 597 2565 exemplum
619 2482 787 2558 imitatus,
804 2481 834 2545 si
849 2483 900 2546 ita
922 2483 1118 2565 contigerit,

171 2599 234 2660 pro
260 2579 336 2662 ipso
357 2581 505 2645 libenter
524 2583 610 2646 mori
627 2582 766 2644 minime
789 2583 1016 2665 pertimesco;
1039 2581 1117 2645 red·

170 2680 244 2742 iens
269 2700 351 2744 vcro
373 2680 418 2743 ad
441 2680 616 2745 dominum
646 2689 743 2745 tuum
772 2681 929 2758 festinus,
962 2700 1039 2745 mea
1066 2681 1117 2745 illi

170 2798 336 2861 responsa
360 2779 521 2861 perferto.
576 2775 789 2844 'Thesauros
806 2799 944 2862 quoque
968 2789 1116 2858 nostros,

169 2897 256 2959 quos
270 2880 370 2942 nobis
395 2879 542 2943 contulit
556 2879 672 2944 divina
687 2878 918 2962 providentia,
936 2878 1009 2943 sive
1027 2879 1115 2942 divi·

171 2977 250 3054 tias,
264 2978 294 3041 si
310 2986 469 3061 potenter
483 2980 662 3060 surripias,
678 2997 732 3041 mo
754 2986 870 3042 tamen
883 2984 953 3041 tuae
969 2977 1115 3041 infideli·

169 3078 234 3141 tati
260 3098 330 3141 nou
352 3079 524 3161 subjicies,
543 3078 725 3142 honestum
738 3085 792 3140 est
808 3077 898 3140 enim
913 3085 1114 3160 perpetuam

168 3175 350 3241 defendere
377 3178 572 3241 libertatem
602 3177 704 3240 simul
731 3175 878 3258 fideique
915 3177 1114 3258 puritatem,

167 3295 230 3358 pro
247 3277 372 3359 quibus
395 3277 511 3353 etiam,
529 3278 559 3341 si
583 3295 723 3340 necesse
739 3282 805 3352 est,
820 3277 1022 3340 occumbere
1044 3296 1114 3340 non

166 3376 288 3439 inutile
304 3384 515 3459 reputamus.
568 3376 692 3458 Igitur,
706 3382 746 3438 nt
761 3374 869 3457 coepit
883 3382 944 3438 tua
965 3377 1116 3458 superba

165 3474 296 3552 feritas,
313 3482 393 3558 post
409 3476 556 3539 famulos
570 3496 687 3558 regem
698 3474 838 3559 jugula,
854 3474 1018 3556 quoniam
1039 3473 1115 3538 haec

166 3573 287 3637 videns
303 3574 383 3637 Rex
398 3594 517 3657 regum
536 3595 590 3640 me
612 3576 648 3638 in
670 3574 791 3638 caelum
807 3574 991 3638 transferet
1013 3582 1114 3640 aeter·

163 3673 288 3737 naliter
304 3674 550 3756 regnaturum?

199 3939 206 3970 ¹
229 3939 362 3988 Thesauros
390 3952 480 4001 quoque
507 3936 625 3999 austrea]
653 3936 814 3986 Christianus
827 3949 871 3984 rex
882 3935 1049 3985 Eudmundus
1065 3950 1114 3985 non

164 4008 218 4058 The
236 4024 346 4070 answer,
356 4008 491 4069 according
502 4011 528 4055 to
541 4007 627 4054 Bmm·
653 4006 744 4054 subdet
756 4020 783 4054 se
794 4019 893 4066 pagano
905 4006 973 4061 duci,
985 4007 1034 4054 nisi
1043 4007 1115 4066 prius

162 4083 285 4140 lomnes
309 4094 338 4127 ns
358 4078 477 4127 follows:
502 4076 627 4125 ‘Noveris
652 4076 758 4124 effectus
777 4071 1049 4135 fueritchristianns3'
1067 4075 1119 4124 col.

163 4149 231 4210 quod
247 4164 293 4211 pro
311 4164 394 4219 amore
406 4149 465 4197 vitae
483 4146 628 4208 temporalis
652 4149 709 4194 805.
