2888 4852
443 439 874 490 rnonnsrusronrauuu.
1063 423 1128 487 497

176 592 260 658 lium
294 598 418 661 nobilis
448 599 633 662 comitissae
662 596 810 661 Godivae
844 597 964 660 uxoris
990 615 1061 659 suae
1090 595 1126 660 in

174 695 316 777 proprio
332 697 512 762 fundasset
529 698 713 774 territorio,
732 697 903 761 mediante
917 696 1058 760 ioemina
1074 716 1127 760 re-

173 792 313 874 ligiosa,
329 798 516 862 monachos
532 797 708 881 imposuit,
719 797 843 879 quibus
860 794 1070 861 sufficienter
1088 797 1125 859 in

174 894 288 971 terris,
314 896 411 960 silvis
436 905 471 961 et
493 898 702 961 ornamentis
725 897 856 972 ditatis,
884 897 935 960 ita
961 897 1124 978 providit,

175 993 267 1073 quod
281 996 318 1058 in
330 1003 405 1060 tota
425 994 553 1078 Anglia
569 1016 637 1060 non
654 997 833 1060 inventum
850 996 916 1059 fuit
929 996 1124 1060 coenobium

175 1092 262 1157 adeo
284 1096 465 1158 abundans
478 1097 515 1159 in
532 1115 616 1160 auro
631 1104 666 1159 et
684 1103 841 1177 argento,
858 1095 893 1158 in
911 1096 1054 1177 gemmis
1069 1097 1124 1159 vel

175 1193 330 1257 vestibus
360 1196 531 1276 pretiosio.
585 1189 739 1259 ¹Godiva
767 1215 849 1259 vero
881 1195 1057 1259 comitissa
1089 1204 1123 1260 et
1136 1213 1288 1304 {mmm

175 1293 327 1356 amatrix
352 1294 420 1358 Dei
446 1295 622 1376 genitricis
647 1293 765 1358 villam
786 1294 1076 1359 Conventrensem
1102 1317 1123 1360 a

176 1391 276 1472 gravi
302 1392 452 1457 thelonei
476 1394 644 1458 servitute
666 1394 812 1456 liberare
835 1394 999 1458 affectans
1016 1397 1123 1458 comi·

177 1497 245 1553 tem
262 1491 370 1556 virum
393 1512 494 1556 suum
515 1513 607 1576 saepe
628 1493 762 1575 magnis
789 1493 947 1576 precibus
973 1496 1122 1575 rogavit,

177 1598 216 1653 ut
230 1589 252 1653 J
256 1590 340 1655 besu
358 1591 487 1656 Christi
513 1601 548 1657 et
564 1593 639 1676 ejus
663 1592 839 1673 genitricis
856 1593 986 1657 iutuitu
1003 1593 1122 1657 villam

176 1708 198 1752 a
217 1691 385 1771 praedicta
410 1692 605 1757 absolveret
620 1694 788 1757 servitute
813 1699 849 1756 et
869 1692 945 1756 aliis
969 1695 1121 1758 exactio·

177 1790 277 1853 nibus
304 1790 533 1873 importunis3
558 1811 704 1875 cumque
726 1811 840 1856 comes
864 1792 1058 1874 increparet
1079 1793 1122 1857 il·

175 1889 257 1965 lam,
272 1890 364 1972 quod
379 1911 450 1955 rem
461 1891 527 1954 sibi
539 1891 739 1955 damnosam
753 1891 901 1955 inaniter
917 1892 1121 1974 postularet,

175 1989 352 2071 prohibuit
375 1996 586 2068 constanter,
609 2010 652 2054 ne
674 1992 787 2073 ipsum
809 2010 914 2073 super
936 1991 1024 2055 hane
1050 2012 1121 2055 rem

177 2089 325 2170 amplius
351 2091 568 2170 conveniret3
595 2090 656 2154 illa
683 2110 701 2153 e
727 2092 901 2154 contrario
932 2092 1121 2173 pertinacia

177 2186 334 2252 muliebri
350 2189 456 2253 ducta
470 2190 579 2254 virum
604 2189 836 2253 indesinenter
849 2208 1061 2273 exasperaus
1078 2191 1120 2255 de

176 2289 364 2369 praemissis
390 2290 460 2353 tale
487 2309 689 2372 responsum
718 2288 843 2353 abillo
867 2290 1008 2372 recepit,
1032 2289 1122 2355 ‘As-

177 2388 307 2464 cende'
324 2388 448 2471 iuquit,
465 2394 612 2471 ‘equum
630 2397 728 2453 tuum
752 2389 846 2453 nuda
870 2396 905 2452 et
931 2388 1040 2454 transi
1061 2410 1123 2472 per

178 2496 367 2552 mercatum
386 2488 476 2553 villae
494 2490 539 2553 ab
561 2489 659 2554 initio
675 2509 785 2571 usquo
800 2487 844 2552 ad
859 2488 974 2565 finem,
994 2489 1123 2572 populo

176 2596 400 2670 congregato,
417 2596 542 2654 etcum
560 2588 713 2666 redieris,
730 2588 822 2670 quod
836 2588 993 2671 postulas
1016 2589 1123 2671 impe·

178 2688 286 2751 trabis
299 2688 320 2767 ;'
346 2689 403 2752 cni
420 2686 559 2753 Godiva
579 2686 791 2770 respondens
814 2688 875 2764 ait,
901 2687 983 2764 ‘Et,
1007 2689 1036 2750 si
1060 2687 1124 2751 hoc

178 2786 332 2864 voluero,
363 2786 537 2851 licentiam
569 2787 653 2850 mibi
683 2786 781 2850 dabis
790 2785 816 2849 l’
846 2784 890 2849 ad
922 2805 1025 2868 quam
1054 2786 1124 2863 ille,

178 2885 326 2962 ‘Dabo,’
341 2886 465 2969 inquit.
504 2886 603 2950 Tunc
620 2886 796 2951 comitissa
811 2885 887 2949 Deo
901 2885 1028 2950 dilecta
1040 2885 1125 2950 duo·

179 2985 244 3047 bus
270 2985 436 3048 comitata
456 2985 622 3048 militibus
650 2984 755 3060 nuda,
777 2992 817 3048 ut
833 2986 1036 3067 praedictum
1059 2994 1125 3062 est,

179 3103 306 3166 equum
323 3083 512 3149 ascendens
529 3085 641 3147 crines
655 3085 781 3167 capitis
798 3091 834 3147 et
845 3083 949 3148 tricas
967 3085 1125 3150 dissolvit

181 3203 374 3266 corpusque
387 3204 487 3248 suum
505 3191 617 3248 totum
630 3183 709 3247 inde
721 3182 862 3260 velavit,
878 3192 913 3248 et
922 3184 1033 3248 forum
1048 3204 1125 3267 per·

181 3284 352 3347 transiens
379 3303 400 3347 a
424 3284 560 3348 nemine
582 3284 669 3362 visa,
697 3283 944 3365 apparentibus
970 3284 1126 3349 cruribus

181 3390 297 3447 tamen
319 3383 581 3460 candidissimis,
598 3383 664 3447 iter
684 3382 881 3465 complevit,
896 3390 931 3446 et
953 3382 1127 3447 advirum

181 3483 336 3565 gaudens
362 3503 513 3562 reversa,
532 3484 598 3548 hoc
625 3483 754 3546 sactum
777 3481 1016 3560 admirantem,
1033 3481 1125 3565 quod

181 3584 329 3665 petierat
356 3582 575 3668 impetravit3
607 3600 721 3646 comes
745 3601 828 3646 vero
858 3581 1037 3646 Leofricus
1062 3583 1128 3647 vil·

181 3682 250 3744 lam
275 3682 568 3748 Conventrensem
592 3690 627 3746 ct
649 3681 805 3746 homines
827 3701 849 3745 a
873 3681 1022 3764 praefata
1041 3681 1127 3745 libe-

182 3800 262 3844 rans
294 3784 473 3860 servitute,
503 3804 566 3867 per
592 3790 723 3846 cartam
753 3801 852 3845 suam
879 3780 971 3865 quod
999 3781 1128 3845 fecerat

181 3880 409 3946 confirmavit.
460 3883 725 3965 Wigorneusem
750 3887 920 3963 praeterea
940 3889 975 3944 et
999 3870 1130 3943 sanctae

219 4059 555 4133 ¹Godiaauerocomitusa.]
569 4064 643 4114 Com·
668 4063 723 4113 that
744 4063 774 4112 os
791 4064 902 4121 Simeon,
925 4061 973 4111 col.
997 4066 1053 4123 lae,
1080 4062 1132 4112 and

182 4149 243 4196 pare
261 4135 304 4182 the
318 4141 425 4184 account
440 4135 569 4198 following
580 4134 642 4183 with
672 4134 801 4196 Bronton,
811 4135 859 4182 col.
871 4135 937 4192 aas,
954 4133 1056 4192 Scriptt.
1065 4133 1131 4183 Dec.

236 4227 313 4272 von.
339 4226 363 4272 1.
913 4206 981 4270 21<
