2888 4852
432 424 571 473 neonus
595 424 866 474 ursnonrnuun.
1054 410 1120 475 207

168 588 342 645 momento
360 580 514 663 replevit.
548 582 754 663 Baptizatus
770 590 824 646 est
834 581 947 647 infans
962 581 1120 646 etGuth.

168 680 265 744 lacus
287 688 469 763 parentum
493 681 609 745 studio
633 688 687 744 est
704 689 871 759 vocatus3
902 701 981 745 cum
1002 691 1119 746 autom

168 780 412 844 adolescentiae
427 781 518 843 vires
543 787 579 845 et
604 788 691 844 aetas
713 781 976 858 succrevissent,
994 801 1119 863 eggre-

169 880 261 962 gatis
285 879 352 943 sibi
371 879 559 943 satellitum
587 880 721 956 turmis,
748 880 792 943 ad
818 899 916 944 arma
940 899 1016 945 sese
1038 900 1120 945 con.

169 980 297 1058 nertit3
325 979 389 1043 hoc
416 987 533 1042 tamen
559 998 604 1041 ex
620 980 741 1043 innata
763 979 828 1042 sibi
850 979 1008 1044 bonitate
1032 1000 1119 1043 sem·

169 1098 232 1161 per
247 1078 459 1155 vindicabat,
475 1078 566 1161 quod
583 1078 625 1141 de
641 1079 771 1161 rapinis
788 1079 1024 1162 undecumque
1047 1079 1119 1143 col·

169 1177 281 1253 lectis,
298 1178 437 1241 tertiam
454 1184 589 1260 partem
610 1177 692 1255 illis,
713 1178 773 1260 qui
788 1197 847 1241 eas
862 1186 943 1242 ante
958 1178 1120 1261 possede-

169 1284 261 1353 rant,
276 1277 484 1340 remittebat.
529 1276 619 1341 Octo
636 1277 742 1359 igitur
757 1296 925 1341 annorum
940 1277 1119 1341 curriculis

169 1378 207 1440 in
229 1375 295 1440 hac
319 1375 499 1440 ferocitate
523 1376 688 1453 decursis,
715 1385 817 1440 nocte
843 1376 992 1459 quadam
1019 1378 1055 1439 in
1080 1395 1119 1439 se

171 1494 329 1540 reversus
345 1463 522 1539 revocavit
537 1475 582 1538 ad
597 1476 808 1552 memoriam,
821 1495 926 1557 quam
944 1476 1058 1539 inanis
1073 1476 1121 1540 sit

171 1574 274 1659 hujus
296 1575 415 1639 mundi
438 1575 562 1657 gloria,
578 1582 614 1639 et
629 1574 746 1639 futura
763 1575 939 1639 damnatio
963 1575 1121 1657 perennis

171 1681 207 1738 et
231 1675 385 1754 incerta;
410 1693 511 1738 mane
530 1675 649 1756 itaque
665 1674 770 1751 facto,
787 1683 949 1756 parentes
977 1673 1121 1757 compli-

171 1792 296 1857 cesque
315 1774 496 1856 praedones
518 1773 727 1856 relinquens,
750 1773 795 1837 ad
817 1775 1063 1837 monasterium
1084 1773 1121 1837 in

172 1866 404 1956 ¹Rependune
432 1882 515 1938 tunc
529 1872 700 1937 famosum
716 1872 886 1956 pervenit,
906 1873 1023 1955 ibique
1042 1879 1121 1936 ton·

171 1991 288 2036 suram
303 1979 340 2036 et
355 1971 511 2037 habitum
527 1971 720 2037 clericalem
743 1973 934 2055 suscipiens
951 1971 1122 2055 poeniten-

172 2072 256 2136 tiam
270 2072 423 2136 decrevit
436 2090 539 2153 agere
553 2071 757 2136 delictorum
771 2092 780 2151 ;
805 2072 928 2135 deinde
950 2071 1058 2136 sacris
1077 2071 1122 2135 li·

173 2172 257 2235 teris
285 2178 321 2235 et
343 2171 544 2236 monasticis
567 2170 748 2235 institutus
771 2171 976 2254 disciplinis
1002 2171 1122 2252 singu·

172 2269 283 2334 lorum
301 2270 447 2335 virtutes
469 2269 563 2334 solos
580 2270 715 2335 studuit
731 2271 909 2350 aemuluri3
939 2270 1038 2335 lectis
1060 2289 1123 2334 au·

172 2375 242 2433 tem
259 2369 446 2433 virtutibus
469 2369 726 2448 monachorum,
742 2370 802 2452 qui
819 2371 928 2434 vitam
945 2370 1122 2452 elegerant

173 2469 376 2545 solitariam,
392 2467 566 2532 heremum
587 2470 798 2553 concupivit,
815 2469 951 2552 iterque
976 2469 1123 2552 arripuit

172 2576 213 2633 ut
235 2569 350 2633 locum
372 2567 533 2632 idoneum
558 2569 740 2633 inveniret.
781 2568 939 2633 Tandem
956 2569 999 2632 ad
1023 2569 1124 2651 palu·

174 2669 251 2734 dem
277 2687 451 2751 magnam,
469 2686 547 2750 quae
574 2668 619 2732 ad
642 2669 782 2750 plagam
807 2668 1010 2733 orientalem
1028 2668 1126 2747 Mer·¹

174 2769 304 2832 ciorum
326 2769 396 2833 sita
418 2775 484 2844 est,
500 2768 717 2850 perveniens,
731 2786 809 2850 quae
832 2768 879 2832 sit
896 2767 1047 2851 qualitas
1069 2788 1124 2832 re·

175 2869 289 2947 gionis
318 2869 413 2932 illius
446 2867 631 2948 diligenter
659 2867 828 2950 inquirit3
867 2875 949 2932 tunc
979 2867 1063 2931 dicit
1092 2866 1125 2930 ei

173 2959 343 3048 'quidam
360 2966 397 3030 in
413 2966 476 3030 illa
497 2966 622 3048 palude
636 2975 738 3032 vesta
753 2967 902 3032 insulam
920 2986 996 3030 esse
1013 2985 1125 3030 remo·

176 3065 309 3143 tiorem,
336 3085 440 3148 quam
465 3065 565 3130 multi
587 3065 781 3131 inhabitare
807 3073 1042 3142 tentaverant,
1063 3065 1125 3129 sod

175 3173 317 3248 propter
343 3164 471 3229 heremi
497 3171 653 3229 monstra
674 3167 718 3228 ab
744 3167 902 3230 omnibus
929 3165 1000 3229 iere
1024 3164 1125 3229 relio-

178 3270 260 3328 tam.
313 3263 394 3329 Hoc
412 3264 546 3342 audito,
560 3265 614 3330 vir
631 3264 698 3329 Dei
711 3264 801 3329 hunc
816 3266 882 3329 sibi
899 3266 1013 3329 locum
1026 3266 1124 3347 [poss
1137 3283 1276 3324 aesone.

177 3363 282 3444 tulat]
299 3363 464 3442 indicari;
483 3364 594 3429 atille
608 3363 810 3447 scaphulam
824 3365 995 3447 accipiens
1011 3365 1126 3447 pisca-
1136 3333 1264 3436 ἱῗοῗῧὲῗῗ

177 3463 301 3527 toriam
323 3471 483 3527 sanctum
501 3463 569 3527 Dei
584 3463 696 3527 virum
717 3462 762 3526 ad
788 3463 902 3527 locum
915 3483 1025 3546 nsque
1047 3483 1127 3546 per·

177 3561 291 3627 duxit.
344 3562 435 3629 Haec
453 3562 567 3626 insula
584 3560 768 3626 ‘Croiland
779 3563 788 3588 ’
800 3562 1009 3646 appellatur,
1020 3582 1126 3647 quam

177 3662 295 3726 nullus
311 3669 416 3726 antea
431 3660 626 3726 inhabitare
644 3679 749 3725 ausus
769 3662 882 3727 fuerat
898 3670 1039 3746 propter
1054 3664 1127 3727 dae-

177 3780 320 3827 monum
347 3761 396 3825 ibi
426 3760 679 3825 demorantium
701 3761 873 3826 terribiles
903 3762 1127 3846 phantasias;

176 3860 226 3924 ibi
240 3861 295 3925 vir
310 3866 453 3924 sanctus
464 3859 560 3924 solus
574 3859 731 3924 habitare
745 3850 853 3944 coepit
869 3862 962 3926 beati
980 3862 1130 3926 Bartho-

171 4090 177 4103 ·
214 4064 221 4094 ¹
236 4067 402 4132 mendosa]
427 4067 598 4130 Reppinqton,
615 4081 643 4117 or
702 4066 853 4133 'Quidum
871 4069 1012 4133 Tatwinus,
1030 4071 1133 4121 accord·

179 4137 286 4201 Reptoo,
312 4140 339 4188 ln
368 4138 541 4200 Derbyshire3
568 4137 644 4187 oster·
669 4140 803 4205 ingtothe
814 4140 858 4192 life
870 4141 903 4203 by
915 4140 996 4190 Felix.

178 4207 263 4258 wrrds
272 4207 408 4270 destroyed
419 4208 453 4271 by
464 4207 507 4258 the
518 4208 616 4259 Dauos.
