2888 4852
418 426 556 474 anonas
580 427 850 480 nrsroamnuu.
1038 419 1103 484 469

153 578 398 660 regrinatiouis
414 583 693 671 Hierosolymam
708 590 854 655 devotus
870 594 1005 674 petivit.
1030 594 1101 660 Re·

152 688 254 770 liquit
265 695 380 751 autem
392 689 498 752 filium
508 697 719 769 septennem,
729 690 867 757 nomine
876 693 1101 774 Willelmum,

153 806 198 850 ex
226 789 418 851 concubina
442 795 654 869 susceptum,
681 790 780 872 cujus
813 791 1101 872 pulchritudinem

153 886 188 947 in
210 886 336 950 cborea
359 887 520 950 saltantis
550 907 634 951 casu
663 889 880 971 conspiciens
910 900 1012 956 nocte
1040 894 1102 958 illa

153 985 339 1050 carnaliter
364 1006 441 1051 eam
467 989 644 1070 coguovit,
671 1007 774 1070 quam
803 989 965 1073 deinceps
1000 993 1101 1057 unice

153 1085 313 1167 diligeba,
327 1087 447 1150 uxoris
470 1087 546 1152 loco
569 1088 663 1152 illam
689 1088 889 1170 aliquandiu
913 1090 1100 1156 adamavit.

154 1185 247 1249 Puer
263 1195 379 1250 autem
404 1207 449 1251 ex
471 1207 513 1251 ea
532 1195 635 1250 uatus
651 1193 661 1221 ⁴
675 1187 871 1252 Willelmus
887 1189 1033 1254 nothus'
1048 1199 1102 1256 est

154 1286 360 1368 appellatus,
387 1306 428 1351 eo
455 1286 546 1369 quod
572 1285 615 1349 de
638 1288 858 1353 matrimonio
891 1309 959 1353 uou
987 1289 1102 1355 fuerat

154 1394 350 1465 generatus.
404 1385 522 1471 Hujus
540 1386 638 1467 pueri
655 1388 928 1467 magnitudinem
949 1388 1101 1455 futuram

154 1486 275 1548 matris
290 1487 461 1549 somnium
478 1485 665 1562 indicabat,
683 1485 766 1548 dum
781 1485 947 1550 intestina
961 1508 1025 1552 sua
1040 1510 1102 1572 per

153 1591 263 1647 totam
287 1584 537 1648 Normanniam
555 1584 691 1649 viderat
706 1592 741 1649 et
757 1582 924 1667 Angliam
939 1586 1099 1670 dilatari3

153 1684 229 1764 ipso
246 1704 383 1766 quoque
407 1692 593 1762 momento,
611 1703 692 1767 quo,
711 1694 814 1767 partu
837 1686 970 1764 laxato,
988 1687 1031 1750 ad
1048 1689 1101 1752 vi-

154 1790 224 1846 tam
251 1804 337 1866 puer
364 1782 491 1847 effusus
517 1791 582 1862 est,
612 1792 739 1848 terram
765 1785 895 1866 attigit,
918 1794 953 1849 ct
981 1789 1100 1851 ambas

153 1903 276 1948 manus
289 1884 409 1967 junco,
428 1904 497 1966 quo
510 1884 746 1965 pavimentum
766 1884 889 1948 domus
905 1888 1100 1967 tegebatur,

151 1984 327 2066 implevit3
352 1992 492 2048 ostenso
508 1985 616 2066 igitur
629 1983 871 2047 obstetricibus
894 1987 1026 2051 somnio
1040 2006 1099 2049 su·

151 2084 320 2164 predicte,
337 2083 418 2147 laeto
436 2084 560 2165 plausu
585 2102 704 2146 omnes
727 2103 842 2164 regem
859 2083 1013 2148 futurum
1036 2106 1099 2169 pu·

151 2202 245 2245 erum
264 2184 537 2247 conclamabant.
584 2182 668 2245 Dux
685 2183 793 2264 igitur
809 2183 996 2261 Robertus,
1015 2183 1101 2250 Hie-

80 2288 84 2297 '
151 2283 360 2366 rosolymam
387 2283 618 2365 profecturus,
651 2282 743 2365 apud
781 2283 990 2346 Fiscannum
1021 2304 1100 2367 pro·

151 2403 246 2446 ceres
274 2383 317 2446 ad
340 2383 550 2465 colloquium
573 2383 723 2458 vocavit,
740 2383 856 2464 ibique
872 2382 1097 2461 Willelmum,

150 2482 258 2546 filium
293 2502 405 2559 suum,
437 2482 608 2547 haeredem
635 2482 701 2546 sibi
725 2483 952 2560 constituens,
979 2502 1098 2549 omues

148 2581 230 2647 iecit
244 2603 352 2666 puero
375 2582 575 2647 fidelitatem
590 2580 721 2664 jurare.
775 2580 900 2645 Comes
918 2581 1098 2647 Gilbertus

149 2689 245 2746 tutor
271 2683 369 2765 pueri
394 2682 629 2758 constituitur,
652 2688 687 2743 et
705 2681 816 2744 tutela
843 2682 969 2744 tutoris
996 2681 1097 2745 Hen-

150 2783 233 2857 rico,
251 2783 324 2863 regi
343 2780 568 2857 Francorum,
586 2799 627 2842 eo
650 2787 753 2861 pacto
773 2779 984 2856 conceditur,
1002 2789 1053 2858 ut,
1067 2783 1096 2845 si

149 2875 264 2963 pater¹
280 2879 426 2944 termino
439 2880 583 2962 praefixo
599 2898 669 2942 non
683 2877 833 2955 redierit,
845 2878 1021 2944 Willelmo
1032 2880 1096 2944 du·

149 2988 248 3044 catus
266 2978 491 3043 Normanniae
505 2978 614 3042 libera
635 2975 860 3060 dispositione
877 2977 1095 3044 concedatur.

150 3079 220 3142 Per
248 3079 339 3143 idem
373 3086 509 3162 tempus
543 3076 681 3154 Hacon,
718 3097 833 3142 eomes
864 3078 1096 3161 supradictus,

147 3179 244 3243 obiit.

301 3351 389 3431 Quod
402 3373 457 3415 rac
473 3351 572 3416 Ouuto
587 3352 718 3416 nomam
727 3351 887 3437 prcy'octos
900 3360 953 3416 oct.

197 3475 300 3542 Auno
330 3476 470 3542 Domini
496 3492 639 3541 uxxxl.
663 3495 726 3539 rex
744 3473 938 3556 Auglorum
966 3483 1002 3540 et
1024 3476 1236 3582 Dagfigigffi
1336 3506 1339 3513 ,

148 3598 270 3643 norum
289 3576 404 3641 Cnuto
418 3576 692 3660 potentissimus,
707 3594 785 3639 curn
800 3575 930 3640 bonore
944 3577 1096 3640 maximo
1109 3590 1185 3632 Rome·

146 3672 315 3742 ²Romam
340 3676 528 3759 proiectus,
552 3676 709 3759 ingentia
730 3675 823 3739 dona
844 3682 967 3740 sancto
989 3675 1096 3741 Petro

182 3933 282 3984 ¹Poter
298 3935 401 3983 termino
417 3935 542 4001 prefixa]
565 3937 608 3985 He
670 3932 793 3985 ‘Rarum
811 3929 954 4002 profectur]
973 3934 1096 3996 Compara

146 4007 216 4066 died,
226 4005 363 4067 according
379 4011 405 4053 to
423 4005 466 4054 tba
477 4020 546 4054 same
563 4021 609 4055 au·
633 4006 684 4054 this
701 4010 809 4055 account
819 4005 849 4054 oi
856 4000 945 4054 Cnut'a
951 4006 1060 4066 joumey
1070 4008 1097 4054 to

145 4077 249 4138 thority,
259 4080 286 4124 at
304 4076 405 4137 Nicaea,
416 4091 448 4124 on
467 4074 507 4123 bis
523 4080 607 4124 return
635 4077 713 4124 llome
724 4075 786 4123 with
804 4075 859 4123 that
875 4076 909 4135 by
928 4074 1097 4137 Malmabury,

145 4146 207 4196 from
218 4146 372 4208 Jerusalem,
383 4160 415 4194 on
425 4146 467 4194 tba
482 4145 532 4194 lud
543 4146 607 4207 July
633 4160 658 4205 p.
689 4149 745 4207 308,
768 4145 819 4194 aud
842 4145 972 4208 Florence,
994 4143 1028 4194 ad
1053 4159 1095 4195 cn.

147 4221 226 4277 ross;
244 4231 269 4278 p.
282 4219 339 4264 osa.
634 4218 705 4265 roal.
