2888 4852
319 413 362 477 72
574 425 709 474 nocnnr
735 426 781 473 on
804 425 1011 474 wnunovna

320 587 415 652 urbis
441 585 628 663 consulem,
647 586 706 670 qui
723 584 837 651 Gallis
863 587 898 650 in
924 584 1093 650 auxilium
1114 591 1274 661 venerat,

320 706 428 771 prope
446 686 627 769 Lengrias,
639 687 675 750 in
693 687 784 751 valle
800 706 877 770 quae
893 686 1022 750 Seisias
1038 692 1274 768 nuncupatur,

321 807 399 852 eum
416 787 509 851 omni
526 786 687 852 Romana
703 785 904 851 fortitudine
919 785 1104 851 interemit.

654 961 740 1025 Noto
755 958 951 1025 miroaltum.

374 1081 479 1149 Anno
501 1085 624 1167 gratiae
656 1101 850 1150 nxxxvur.
879 1085 915 1148 in
938 1082 1131 1167 Campania
1158 1081 1274 1147 Italiae

326 1177 569 1249 ¹Benedictum
591 1185 766 1269 juniorem
797 1205 859 1250 rex
889 1185 1006 1250 Totila
1037 1203 1100 1268 pro
1133 1182 1274 1247 Christo

324 1285 547 1367 persequens,
570 1304 648 1349 cum
666 1305 744 1349 eum
768 1293 804 1349 et
827 1286 950 1349 cellam
976 1285 1052 1369 ejus
1074 1284 1274 1347 comburere

325 1384 442 1462 vellet,
465 1404 528 1449 nec
544 1385 724 1463 valuisset,
739 1386 775 1449 in
801 1386 974 1450 clibanum
995 1404 1072 1449 enm
1097 1383 1274 1448 ardentem

325 1484 496 1568 projecit3
541 1486 600 1568 qni
629 1485 710 1550 inde
751 1484 806 1550 die
839 1485 949 1550 altera
977 1485 1119 1562 illaesus,
1154 1483 1274 1549 illaesis

327 1584 433 1649 etiam
448 1585 615 1664 vestibuS,
630 1586 750 1651 exivit.

488 1760 530 1824 Ut
544 1760 706 1825 Artlroruu
721 1760 781 1826 iter
795 1761 970 1826 Ilmuouum
983 1759 1122 1846 decepit.

164 1910 275 1951 nuso.
377 1881 484 1949 Anno
515 1885 638 1967 gratiae
671 1902 840 1951 nxxxm.
868 1886 1074 1950 obscuratus
1102 1891 1156 1948 est
1180 1883 1232 1948 sol
1255 1902 1277 1947 a

164 2008 289 2049 urinum.
327 2001 427 2047 mane
443 2004 553 2068 usque
572 1985 616 2048 ad
639 1985 759 2050 horam
776 1987 923 2051 tertiam.
976 1984 1105 2049 Eodem
1123 1993 1277 2067 tempore

163 2063 315 2152 iilam..
328 2102 391 2148 rex
420 2082 608 2164 Arthurus,
634 2087 788 2150 subactis
823 2087 916 2151 circa
945 2084 1054 2169 Alpes
1083 2085 1277 2168 quibusque

327 2184 526 2266 provinciis,
549 2186 687 2269 paravit
715 2185 782 2250 iter
809 2193 848 2250 ut
884 2186 1080 2251 Romanum
1110 2183 1277 2269 populum

326 2293 557 2368 expugnaret.
611 2286 875 2368 Magnificatum
907 2294 961 2351 est
990 2305 1115 2350 nomen
1141 2285 1217 2369 ejus
1239 2285 1276 2348 in
1333 2335 1336 2338 .

328 2385 491 2450 universa
514 2393 607 2450 terra
632 2386 755 2468 valde;
790 2387 882 2451 unde
907 2386 1080 2471 principes
1100 2385 1144 2450 de
1168 2385 1277 2468 parti-

329 2485 394 2548 bus
410 2487 550 2550 remotis
566 2494 601 2550 et
618 2487 751 2551 nobiles
769 2488 812 2551 ad
830 2507 907 2551 eum
921 2493 1101 2565 venerunt,
1116 2486 1181 2551 sub
1197 2486 1276 2568 ipso

325 2585 446 2649 vivere
471 2593 507 2650 et
521 2586 596 2670 ejus
611 2587 776 2651 interesse
795 2588 930 2653 facetiis
946 2587 1168 2652 delectantes.
1221 2586 1276 2651 De

329 2684 406 2768 ejus
428 2686 548 2769 utique
570 2687 826 2769 magnificentia
848 2697 884 2753 et
896 2689 1070 2771 probitate
1091 2686 1276 2769 propbeta·

330 2785 381 2850 vit
395 2784 433 2848 M
436 2786 565 2850 erlinus
575 2796 673 2852 vates
686 2788 867 2852 Britonum
882 2788 1012 2866 dicens,
1027 2781 1055 2823 ²⁴
1067 2786 1277 2851 Praevalebit

331 2886 471 2950 tandem
485 2907 652 2971 oppressa
662 2889 855 2966 Britannia,
868 2895 903 2952 et
918 2888 1062 2953 saevitiae
1078 2893 1277 2952 exterorum

330 2987 481 3065 resistet,
515 2986 612 3072 Aper
636 2988 725 3052 enim
754 2988 937 3054 Gornubiae
966 3007 1165 3053 succursum
1189 3006 1277 3070 prae-

329 3087 437 3151 stabit
470 3095 506 3152 et
528 3087 618 3153 colla
644 3088 795 3155 hostium
824 3091 889 3154 sub
914 3089 1058 3173 pedibus
1090 3088 1163 3151 suis
1195 3106 1276 3151 con·

332 3188 494 3265 culcabit,
530 3189 652 3252 insulae
684 3190 805 3254 oceani
842 3191 1008 3273 potestati
1048 3189 1158 3273 ipsius
1195 3189 1277 3252 sub·

331 3286 468 3364 dentur,
495 3296 530 3352 et
553 3287 754 3354 Gallicanos
784 3290 896 3354 saltus
919 3290 1120 3375 possidebit,
1151 3296 1275 3352 treme·

330 3387 381 3450 bit
405 3386 576 3452 Romulea
606 3389 727 3454 domus
751 3390 921 3455 saevitiam
951 3391 1072 3474 ipsius,
1100 3397 1136 3453 et
1162 3390 1277 3454 exitus

328 3486 406 3570 ejus
422 3488 546 3552 dubius
570 3489 649 3567 erit,
671 3490 788 3554 inore
814 3492 1020 3574 populorum
1036 3489 1277 3568 celebrabitur,

328 3595 364 3651 et
380 3594 479 3651 actus
493 3589 569 3672 ejus
585 3589 682 3654 cibus
697 3591 763 3655 erit
778 3590 1021 3656 narrantibus.’

364 3822 372 3854 ¹
385 3825 544 3876 Benedictnm
597 3822 701 3896 rotila]
715 3829 791 3891 Upon
815 3830 884 3879 recle
894 3829 954 3878 bere
965 3829 1085 3879 recorded
1097 3828 1120 3879 is
1132 3829 1194 3879 lrom
1205 3831 1279 3894 Sige-

328 3894 370 3944 tbe
389 3896 520 3945 interview
540 3897 569 3947 os
583 3899 667 3948 Totiln
684 3899 746 3948 with
763 3900 790 3950 S.
815 3901 881 3963 bert,
891 3899 985 3950 Chron.
999 3916 1025 3963 p.
1037 3904 1095 3952 7³5.

329 3966 410 4015 Benat
428 3967 454 4015 iu
475 3971 533 4027 541,
556 3967 598 4016 the
623 3968 713 4018 reader
733 3985 792 4031 may

328 4037 427 4086 consult
446 4037 579 4099 Mabillon,
593 4040 685 4088 Annal.
701 4046 760 4090 tom.
773 4041 790 4088 i.
850 4038 860 4066 ¹
888 4040 1036 4089 Praeonlebit
1069 4039 1196 4102 tandem]
1230 4040 1278 4089 Sco

328 4123 354 4168 p.
375 4111 415 4157 97.
449 4108 502 4156 The
519 4116 626 4157 account
643 4109 672 4158 ol
685 4110 726 4159 the
744 4111 790 4158 uri·
803 4112 905 4175 ‚abore
916 4126 942 4172 p.
954 4116 995 4173 22,
1006 4113 1023 4160 l.
1037 4113 1083 4161 ult.
