2888 4852
417 424 559 474 sununs
583 424 851 475 ιιιιιοιιιιιιυιι.
1047 409 1113 474 143

155 582 373 661 hortabatur,
411 592 450 648 ut
485 584 585 647 fidem
619 583 750 668 Christi
783 582 994 666 susciperet3
1034 592 1111 646 tau·

155 683 246 763 dem,
274 685 465 750 amicorum
491 684 683 748 auxiliante
715 702 899 760 consensu,
927 702 949 746 a
977 683 1111 747 Finauo

154 787 319 870 episcopo
349 785 560 867 baptizatus.
618 784 734 867 Igitur
762 784 882 847 aeterni
910 785 1008 865 regni
1035 784 1110 869 jam

155 885 243 949 civis
257 885 412 962 effectus,
429 884 474 948 ad
497 883 647 967 patriam
664 903 825 948 reversus
848 902 870 947 a
895 903 977 965 rege
993 883 1112 948 Oswio

155 985 361 1066 postulavit,
389 992 428 1049 ut
459 985 598 1068 aliquos
630 984 693 1047 sibi
719 984 879 1049 doctores
910 984 1021 1060 daret,
1051 985 1110 1066 qui

156 1091 296 1165 gentem
326 1103 427 1148 suam
464 1084 509 1148 ad
539 1083 642 1148 fidem
675 1091 939 1163 converterent3
975 1091 1011 1148 at
1053 1083 1112 1147 ille

155 1184 300 1247 mittens
323 1184 367 1247 ad
393 1185 608 1267 provinciam
630 1183 957 1247 mediterraneorum
975 1183 1110 1266 Anglo·

158 1303 234 1348 rum
251 1283 417 1349 clamavit
441 1284 486 1348 ad
513 1304 551 1349 se
568 1285 680 1348 virum
704 1284 773 1348 Dei
789 1283 955 1360 ceddam,
977 1294 1012 1349 et
1027 1285 1111 1348 dato

157 1383 210 1448 illi
234 1383 331 1449 socio
354 1385 558 1468 presbytero
573 1384 738 1468 quodam,
760 1385 855 1448 misit
875 1403 935 1448 eos
961 1385 1006 1448 ad
1022 1386 1112 1449 Sax-

158 1503 244 1550 ones
261 1485 459 1562 orientales,
474 1492 514 1549 ut
529 1485 672 1548 verbum
687 1483 767 1548 fidei
783 1484 853 1548 illis
866 1483 1109 1567 praedicarent.

160 1585 232 1651 Ubi
245 1604 325 1650 cum
337 1586 454 1650 omnia
467 1584 746 1668 perambulantes
757 1584 902 1649 multam
914 1586 991 1649 Deo
1003 1585 1112 1648 eccle·

158 1685 246 1750 siam
255 1693 539 1769 congregassent,
548 1685 695 1767 contigit
707 1684 853 1749 eundem
866 1683 1018 1749 ceddam
1035 1684 1111 1748 red·

159 1786 210 1851 ire
226 1786 379 1864 domum,
392 1793 432 1851 nt
450 1785 575 1849 Finani
598 1785 752 1868 episcopi
768 1784 977 1866 colloquium
1005 1785 1111 1849 habe·

161 1895 224 1951 ret.
277 1886 347 1966 Qui
370 1886 429 1950 ubi
450 1892 691 1968 prosperatum
714 1904 803 1967 opus
825 1884 997 1967 evangelii
1021 1904 1112 1949 com·
1126 1895 1269 1988 Ἣίοιοι

160 1987 262 2069 perit,
277 1980 383 2050 fecit¹
392 2006 471 2049 eum
487 2004 687 2068 eprscopum
699 2005 736 2047 ιιι
748 1991 886 2066 gentem
899 1985 1112 2067 praedictam,
1127 1999 1209 2038 ⁸:10⁰·

160 2086 221 2170 qui
232 2095 376 2169 accepto
394 2085 616 2169 episcopatus
630 2084 741 2167 gradu
753 2084 797 2148 ad
809 2085 1022 2167 provinciam
1038 2086 1114 2149 red-

162 2187 204 2251 iit
223 2186 442 2251 orientalium
458 2185 651 2262 Saxonum,
666 2186 724 2248 ubi
751 2205 814 2267 per
836 2185 914 2250 loca
931 2185 1115 2250 fabricavit

162 2286 339 2363 ecclesias,
363 2287 584 2370 presbyteros
606 2292 642 2348 et
663 2284 827 2349 diaconos
846 2284 1032 2363 ordinavit,
1055 2286 1113 2368 qui

162 2387 353 2451 ministerio
370 2386 569 2469 baptizandi
586 2386 724 2468 incepto
749 2386 785 2448 in
807 2385 1016 2462 civitatibus,
1035 2406 1113 2468 quae

163 2480 416 2552 ²lthancestria
436 2493 471 2550 et
495 2486 685 2568 Tileburgh
709 2485 942 2568 appellantur,
965 2484 1114 2550 officium

163 2587 248 2651 illud
282 2587 523 2670 impleverunt,
563 2605 710 2670 quarum
747 2586 842 2668 prior
880 2594 934 2649 est
971 2587 1007 2649 in
1037 2587 1114 2669 ripa

167 2686 288 2752 Pentae
331 2687 454 2762 amnis,
487 2686 640 2751 secunda
674 2705 780 2769 super
820 2686 928 2767 ripam
962 2685 1114 2750 fluminis

163 2786 357 2851 Thamesis.
408 2780 503 2850 ³Nec
523 2785 633 2850 multo
647 2793 728 2870 post
748 2784 837 2848 idem
856 2805 917 2848 rex
936 2804 957 2848 a
974 2787 1115 2869 propin·
1126 2793 1211 2893 333¹&
1204 2792 1241 2881 ⁰5,

164 2889 242 2971 quis
267 2887 340 2951 suis
365 2885 568 2951 interfectus
595 2892 660 2962 est,
686 2905 728 2949 eo
754 2884 882 2968 quod
872 2886 1018 2949 mimicis
1041 2887 1114 2950 suis

164 3006 306 3071 parcere
327 2986 475 3064 solebat,
493 2994 528 3051 et
549 2985 695 3071 injurias
717 2986 783 3050 sibi
804 2985 922 3049 illatas
944 2987 1115 3068 poeniten·

163 3089 257 3153 tibus
273 3087 412 3170 placida
427 3093 542 3150 mente
557 3086 758 3150 dimitteret.
809 3085 983 3150 Successit
998 3093 1114 3149 autem

164 3187 344 3271 Sigeberto
367 3188 402 3251 in
420 3206 565 3270 reguum
585 3185 804 3250 orientalium
829 3184 1005 3250 Saxonum
1026 3186 1115 3250 Swi-

164 3287 325 3365 thelmns,
347 3287 439 3351 lilius
469 3286 646 3362 Sexbaldi,
672 3287 733 3370 qui
764 3285 958 3367 baptizatus
986 3293 1040 3350 est
1071 3286 1116 3350 ab

164 3390 328 3473 episcopo
344 3386 463 3452 Cedda
484 3388 521 3451 in
538 3386 721 3469 provincia
745 3385 963 3449 orientalium
981 3383 1116 3467 Angla·

164 3509 240 3552 rum
259 3488 296 3552 in
317 3489 394 3553 vico
416 3487 524 3569 regio,
546 3487 607 3570 qui
623 3479 877 3551 ⁴Reudlcsham
899 3485 1115 3567 appellatur;

163 3589 383 3672 suscepitque
400 3608 478 3652 eum
500 3586 543 3650 da
565 3585 661 3650 sonte
686 3585 923 3650 Ethelwaldus
942 3606 1004 3650 rex
1021 3586 1115 3650 illius

163 3690 292 3773 gratie,
309 3689 416 3753 frater
434 3686 547 3751 Annae
563 3687 656 3769 regis
673 3685 872 3750 eorundem.

199 3878 209 3912 ¹
224 3883 288 3931 Em
304 3880 463 3945 episcopm]
480 3879 553 3929 Cedd
569 3879 630 3928 died
691 3875 765 3928 ³Nec
776 3880 851 3927 mallo
863 3878 940 3942 port]
958 3879 1000 3928 He
1018 3879 1040 3927 is
1058 3894 1118 3940 sup·

165 3951 295 4014 birhopof
303 3950 514 4000 londonintitit.
654 3949 733 4010 posed
757 3953 782 3996 to
805 3949 869 3998 have
892 3949 955 3998 been
984 3949 1062 3996 killed
1091 3950 1117 3996 in

201 4020 394 4071 'uramara
418 4025 442 4069 et
466 4018 630 4082 lilebargl]
654 4022 712 4067 999.

167 4093 272 4142 Malden
291 4092 343 4141 and
358 4092 474 4153 Tubury,
491 4092 517 4139 in
539 4090 632 4148 Essex,
689 4086 903 4150 martana]
925 4085 1070 4148 According
1092 4092 1119 4137 to

167 4163 304 4225 according
314 4167 341 4211 to
351 4161 495 4224 camden,
488 4176 506 4210 ι.
517 4174 562 4222 pp.
574 4162 632 4220 949,
656 4158 778 4218 Camdeu,
788 4174 820 4207 οιι
831 4159 873 4208 the
884 4157 984 4207 Debiu
977 4171 1002 4204 ιιι
1011 4156 1120 4219 Suuolk,

168 4237 224 4282 951
656 4243 675 4276 ι
685 4242 712 4289 p
725 4232 781 4278 999.
