2888 4852
374 410 439 474 498
623 428 756 475 nocam
783 429 829 475 nn
853 427 1060 475 wnunovnn

376 584 500 648 Mariae
516 585 558 647 de
576 584 694 660 Stone,
713 592 912 668 sanctaeque
927 583 1153 666 Wereburgae
1168 586 1337 667 virginis,

374 686 409 747 in
426 684 659 765 Legecestria,
674 685 838 748 ecclesias
859 703 938 748 cum
960 685 1128 749 coenobiis
1147 684 1192 748 de
1211 684 1341 749 Heve-

375 784 486 860 sham,
501 784 544 848 de
556 783 757 861 Weneloac,
778 791 813 847 et
833 778 894 848 ¹de
917 783 1086 860 Lentone,
1107 785 1224 860 terris,
1248 785 1340 849 aedi-

376 884 462 947 ficiis
486 903 527 947 ac
544 885 649 948 variis
671 885 882 947 ornamentis
904 883 995 947 idem
1022 902 1137 947 comes
1158 883 1337 948 instinctu

376 984 561 1048 comitissae
578 982 759 1065 magnifice
775 982 913 1047 ditavit.

539 1154 588 1217 De
603 1175 676 1218 caea
690 1152 832 1218 mirabili
849 1154 904 1238 qai
919 1155 1023 1217 Rome
1036 1153 1164 1218 occidit.

430 1276 532 1342 Anno
559 1280 681 1359 gratiae
713 1271 1078 1361 nnv111.²stephanus
1099 1279 1190 1344 sedit
1210 1278 1249 1342 in
1275 1299 1337 1344 ca-

300 1375 305 1385 '
379 1377 500 1441 thedra
518 1376 680 1442 Romana
697 1379 872 1441 mensibus
897 1398 1033 1454 novem,
1057 1379 1113 1442 cui
1136 1378 1335 1443 succedens

378 1471 605 1541 Benedictus³
629 1497 752 1542 novem
776 1479 962 1554 mensibus,
979 1485 1019 1541 ut
1036 1477 1112 1561 ejus
1133 1477 1335 1560 praedeces·

377 1597 446 1653 sor,
459 1577 656 1641 cathedram
672 1578 889 1658 gubernavit.
942 1576 1070 1640 Eodem
1088 1584 1245 1659 tempore
1263 1572 1334 1642 ⁴ci-

378 1677 431 1740 vis
454 1676 592 1759 quidam
624 1675 816 1751 Romanus,
840 1683 943 1740 aetate
970 1675 1123 1758 juvenis),
1154 1676 1335 1757 dignitate

377 1776 554 1840 senatoria
573 1776 701 1851 clarus,
724 1794 926 1858 generosam
949 1775 1016 1839 sihi
1038 1770 1231 1858 ⁶quandam
1260 1777 1335 1841 vir-

377 1876 493 1956 ginem
516 1875 733 1939 matrimonio
755 1875 944 1957 copulavit,
962 1875 1007 1938 oh
1025 1875 1125 1958 cujus
1146 1875 1331 1955 honorem,

378 1975 450 2037 suis
469 1974 656 2052 sodalibus,
682 1974 802 2039 diebus
827 1975 946 2038 multis
970 1975 1130 2039 convivia
1149 1994 1333 2057 praepara-

379 2074 440 2137 vit.
494 2073 651 2156 Cumque
667 2073 723 2137 die
736 2074 885 2155 quadarn
906 2073 942 2135 in
964 2092 1123 2156 campum
1139 2077 1333 2156 processis-

378 2181 467 2250 sent,
482 2181 522 2237 ut
538 2172 648 2237 fessos
661 2173 793 2236 deliciis
812 2171 1009 2239 stomachos
1023 2172 1171 2237 ludendo
1194 2174 1330 2239 solida·

378 2280 467 2349 rent,
485 2272 590 2355 pilam
615 2279 762 2355 poscunt
785 2280 821 2336 et
843 2272 990 2336 multum
1013 2272 1081 2336 diei
1098 2273 1248 2354 spatium
1273 2276 1330 2339 lu·

378 2372 489 2456 dendo
507 2379 733 2451 consumunt;
757 2371 818 2435 sed
836 2391 879 2435 ne
891 2370 1042 2455 jocando
1052 2372 1192 2455 juvenis
1215 2391 1330 2438 annu·

378 2470 450 2533 lum
473 2471 647 2534 amitteret
672 2470 873 2553 nuptialem,
899 2471 935 2533 in
958 2471 1068 2552 digito
1095 2479 1238 2536 extento
1267 2494 1330 2538 cu-

374 2570 515 2653 jusdam
541 2578 667 2634 statuae
692 2589 799 2635 aeneae
817 2571 905 2634 clam
928 2571 1104 2634 sodalibus
1129 2571 1329 2650 collocavit,

379 2677 415 2733 et
439 2670 483 2732 ad
507 2670 625 2732 ludum
651 2688 851 2746 conversura,
867 2670 1153 2733 incalescentibus
1178 2690 1251 2753 prae
1274 2674 1329 2736 ni·

379 2769 448 2832 mio
462 2788 566 2832 cursu
583 2769 782 2846 visceribuS,
799 2789 820 2832 a
834 2770 918 2833 ludo
933 2770 1115 2851 septimus
1138 2772 1330 2849 subtraxit,

378 2875 413 2932 et
430 2869 572 2931 veniens
596 2868 640 2932 ad
662 2875 813 2932 statuam
838 2869 996 2950 digitum,
1011 2870 1048 2931 in
1067 2889 1137 2952 quo
1158 2871 1329 2934 annulum

377 2976 553 3049 posuerat,
575 2967 619 3030 ad
639 2968 752 3031 volam
776 2987 885 3049 usque
906 2967 1074 3031 reflexum
1098 2975 1133 3032 et
1157 2970 1329 3034 annulum

376 3067 413 3129 in
440 3067 550 3148 digito
575 3067 708 3130 invenit
735 3066 879 3130 firmiter
904 3066 1148 3146 constrictum
1171 3069 1232 3150 qui
1257 3070 1327 3134 ali·

412 3313 472 3361 ¹De
490 3308 626 3381 hentona]
648 3314 768 3363 Florence
786 3314 836 3362 and
896 3309 1087 3382 'Benedictas,]
1106 3314 1147 3363 the
1159 3315 1238 3377 tenth,
1259 3323 1329 3370 anti.

375 3384 476 3432 Simeon
504 3385 564 3433 read
586 3379 758 3444 ‘hennenses
786 3385 836 3433 and
861 3399 937 3445 pope,
947 3384 1043 3433 elected
1058 3387 1158 3446 against
1168 3385 1210 3434 the
1221 3388 1289 3436 wish
1301 3391 1333 3440 of

375 3453 521 3512 Bromton,‘
533 3454 744 3515 Leonensejuxta
756 3455 837 3503 Here-
862 3453 903 3501 the
915 3454 1041 3502 cardinale
1049 3469 1057 3513 ;
1074 3454 1107 3502 he
1117 3453 1176 3504 held
1193 3455 1236 3504 the
1252 3459 1329 3510 chair

375 3523 479 3571 sordium
489 3517 503 3570 :’
520 3523 641 3584 probably
654 3522 724 3571 Lena
739 3524 764 3571 in
784 3524 837 3571 He·
860 3522 893 3571 he
904 3523 955 3571 had
965 3523 1079 3583 usurped
1095 3524 1159 3572 until
1171 3526 1213 3574 the
1225 3528 1325 3580 middle

375 3591 535 3641 refordehire.
570 3593 676 3652 Lenton,
689 3592 836 3642 Nattawae
860 3593 889 3641 of
897 3593 957 3642 Jun.
970 3596 1042 3641 loeo.

375 3666 417 3709 not
439 3660 550 3709 founded
573 3663 636 3709 until
659 3661 700 3709 the
723 3663 794 3724 reign
811 3663 840 3711 of
896 3660 988 3710 ‘Civis
1006 3662 1103 3724 quidum
1114 3660 1261 3733 Romana]
1281 3669 1327 3720 He

375 3731 464 3790 Henry
475 3730 517 3778 the
530 3731 582 3778 first
860 3732 882 3780 is
905 3732 987 3781 called
1010 3732 1105 3780 Lucius
1136 3734 1169 3794 hy
1193 3734 1327 3803 Bromton,

408 3795 590 3867 'Stephunue‚]
608 3799 651 3849 the
666 3801 746 3850 ninth.
781 3802 835 3849 'lhe
860 3800 927 3861 who,
945 3800 1007 3849 with
1030 3801 1198 3864 Molmsbury,
1220 3810 1326 3859 recordo

373 3870 441 3918 error
452 3869 480 3918 ol
490 3871 611 3919 Florence
623 3871 645 3918 ls
656 3869 715 3918 here
727 3872 834 3932 copied;
859 3872 901 3919 the
921 3870 1013 3931 legend
1032 3871 1179 3935 following;
1194 3875 1243 3923 col.
1263 3881 1327 3942 960,

373 3939 483 4000 Stephon
494 3955 548 3988 was
559 3941 656 3989 elected
667 3946 692 3988 to
703 3941 745 3989 the
758 3942 833 4002 papal
859 3940 909 3997 and
921 3941 934 4001 t
946 3945 1002 3989 205.

373 4008 444 4056 cheir
459 4010 484 4057 in
499 4011 568 4072 Aug.
581 4014 654 4070 1057,
665 4010 715 4057 and
732 4011 791 4059 died
809 4017 835 4058 at
894 4007 1195 4080 5ίὶιιιυιᾰαηιυίνςὶηεηι,]
1207 4013 1325 4074 byname

373 4078 493 4127 Florence
505 4081 530 4127 in
543 4080 632 4128 March
647 4084 717 4129 1058.
861 4080 992 4141 Eugenia;
1010 4081 1136 4130 Bromton.
