2888 4852
357 422 422 487 110
609 439 743 487 nocsnr
769 440 815 486 nn
838 439 1045 487 wannovnn

358 596 419 661 bat
432 595 582 661 omnium
598 598 833 662 ecclesiarum.
875 594 1083 680 Impetravit
1097 597 1201 660 etiam
1214 596 1305 660 idem

357 714 450 778 papa
474 715 496 760 a
519 697 666 779 praefato
691 697 846 780 principe
870 697 1036 779 templum
1059 695 1195 773 Romae,
1209 697 1305 778 quod

359 797 551 879 antiquitus
564 789 758 861 ¹Pantheon
772 797 1024 873 vocabatur,e0
1033 796 1125 879 quod
1139 795 1188 859 ibi
1199 816 1308 879 quon·

359 895 439 958 dam
461 897 613 960 omnium
637 916 707 960 non
733 897 874 961 deorum
896 896 956 961 sed
973 896 1168 960 daemonum
1190 895 1307 960 cultus

359 995 538 1076 agebatur.
591 994 673 1074 Quo
695 997 893 1079 impetrato,
908 995 1052 1060 exclusa
1067 994 1149 1059 inde
1168 994 1307 1060 diversa

358 1095 619 1159 simulacrorum
644 1095 876 1172 multitudine,
908 1095 1152 1177 omnipotentis
1180 1095 1249 1159 Dei
1271 1102 1306 1160 et

357 1201 488 1258 sanctae
506 1195 648 1277 virginis
664 1194 788 1259 Mariae
801 1193 1022 1278 omniumque
1038 1200 1237 1258 sanctorum
1252 1214 1306 1258 ec-

356 1293 496 1357 clesiam
513 1294 720 1371 construxit,
737 1301 777 1358 ut
793 1294 884 1359 sicut
897 1294 946 1358 ibi
961 1293 1135 1377 quondam
1152 1293 1304 1358 omnium

356 1391 604 1457 daemoniorum
628 1392 743 1458 cultus
771 1396 952 1475 agebatur,
976 1393 1027 1457 ita
1057 1394 1218 1476 deinceps
1241 1394 1306 1457 ibi·

356 1491 433 1556 dem
448 1493 600 1557 omnium
612 1500 810 1559 sanctorum
828 1493 994 1557 memoria
1008 1493 1203 1558 haberetur.

637 1668 687 1731 De
701 1663 820 1752 rapidus
834 1665 1017 1751 Angbmm.

398 1789 504 1855 Anno
518 1791 642 1873 gratiae
656 1807 743 1854 uox.
758 1788 1108 1866 defunctoceolwlfo,
1120 1808 1202 1872 rege
1213 1791 1304 1856 occi-

356 1890 546 1955 dentalium
562 1890 753 1967 Saxonum,
767 1889 928 1971 regnavit
942 1909 1004 1973 pro
1020 1908 1062 1953 eo
1079 1883 1304 1974 'Kinegilsns

356 1989 448 2054 filius
476 1990 593 2054 Ceolae
628 1991 774 2072 triginta
798 1997 833 2053 et
856 2007 925 2053 uno
953 1990 1065 2053 annis.
1117 1989 1304 2072 Regnabat

356 2088 421 2153 hoc
441 2096 595 2171 tempore
611 2089 648 2153 in
664 2089 798 2153 Mereia
810 2082 961 2168 'Pends,
975 2090 1011 2152 in
1029 2108 1137 2171 regno
1155 2091 1305 2155 orienta-

355 2188 438 2252 lium
464 2187 659 2272 Anglorum
685 2189 933 2267 Reodwaldus,
959 2190 996 2252 in
1027 2188 1154 2254 Cautio
1177 2187 1302 2255 Atbel·

356 2289 486 2366 bertus,
500 2289 535 2352 in
548 2289 728 2354 Est-saxia
739 2288 915 2366 sebertus,
928 2288 965 2352 in
983 2288 1304 2354 Northanhnmbria

242 2470 243 2474 Ἰ
356 2386 569 2453 Ethelsridus
585 2390 755 2472 superbus
770 2397 805 2452 et
820 2408 921 2453 vanae
938 2388 1058 2471 gloriae
1075 2390 1230 2472 cupidus.

648 2562 698 2626 m
711 2560 826 2644 synon
840 2560 876 2625 n
890 2560 1004 2624 [suu.

405 2683 509 2749 Anno
530 2685 654 2767 gratiae
680 2683 1006 2750 nox1.Bonifacius
1029 2703 1133 2769 papa,
1159 2703 1304 2769 congre-

355 2793 440 2866 gata
455 2779 607 2868 ‘synodo
624 2784 660 2848 in
684 2784 801 2862 Italia,
819 2803 936 2849 mense
960 2784 1102 2864 Martio,
1125 2787 1229 2850 tertia
1250 2789 1304 2852 vi·

356 2885 481 2951 delicet
506 2885 561 2948 die
581 2885 723 2961 mensis,
738 2884 847 2948 multa
869 2883 913 2948 ad
938 2885 1124 2949 utilitatem
1149 2887 1305 2951 ecclesiae

354 2986 489 3050 statuit.
536 2984 700 3048 Interfuit
723 2991 839 3048 autem
865 2984 1034 3062 Mellitus,
1051 2984 1303 3050 Londoniensis

298 3086 307 3105 '
355 3086 549 3167 episcopus,
573 3085 618 3147 ab
643 3083 900 3166 archiepiscopo
927 3084 1184 3149 Dorobemensi
1211 3085 1305 3150 Lau·

355 3186 467 3249 rentio
489 3184 695 3261 destinatus,
715 3190 755 3247 ut
776 3184 916 3248 decreta
937 3184 1061 3266 synodi
1087 3185 1304 3250 Britanniam

355 3284 492 3348 rediens
517 3282 671 3347 ecclesiis
698 3280 892 3364 Anglorum
923 3284 1086 3361 traderet,
1115 3292 1151 3349 et
1180 3287 1306 3350 summi

388 3463 397 3496 ¹
409 3464 558 3528 Pantheon]
576 3464 648 3514 Built
659 3465 691 3526 by
700 3465 816 3528 Agrippa
842 3465 1222 3530 ceorlliissuccessoniubot,
1229 3469 1305 3519 urben

353 3534 666 3597 s.c.l⁶‚nowlmownas
682 3530 815 3598 ‘L'Eglise
841 3537 931 3586 Penda
957 3538 1074 3587 received
1099 3537 1142 3588 the
1173 3539 1305 3601 kingdom.

352 3607 385 3656 de
396 3606 477 3656 Notre
488 3605 570 3655 Darne
581 3605 613 3654 de
624 3605 651 3653 la
662 3603 795 3656 Rotoude.'
841 3606 894 3655 But
904 3607 955 3656 this
965 3607 1053 3656 would
1068 3608 1125 3670 give
1140 3607 1183 3657 tbe
1200 3609 1275 3659 latter
1289 3626 1306 3660 ιι

387 3671 399 3706 ¹
410 3674 633 3740 Kinegilmfliiar
645 3676 746 3739 ceole]
761 3676 815 3725 The
840 3677 911 3740 reign
922 3677 951 3725 ol
958 3676 1073 3738 dlty-one
1083 3691 1168 3740 years,
1180 3679 1207 3727 iu
1218 3679 1302 3730 which

352 3744 435 3796 father
445 3746 474 3795 oi
482 3745 604 3807 Cynegils
611 3745 634 3803 is
642 3746 726 3796 called
735 3746 814 3796 above
839 3762 886 3796 our
906 3746 997 3796 author
1019 3749 1041 3796 is
1064 3749 1139 3797 borne
1158 3753 1204 3797 out
1220 3750 1257 3812 by
1271 3764 1304 3800 uo

353 3815 493 3866 Ceolricus.
530 3814 572 3864 He
589 3816 613 3864 is
628 3816 710 3865 called
722 3815 815 3865 &olus
839 3816 910 3865 other
920 3816 1050 3866 historiari.

352 3887 388 3948 by
407 3886 527 3935 Florence
551 3885 601 3934 aud
623 3885 649 3934 in
669 3886 711 3935 the
730 3887 815 3935 Saron
874 3881 1023 3954 Qum]
1052 3886 1106 3936 The
1127 3891 1183 3936 acts
1205 3887 1235 3937 oi
1252 3889 1304 3939 this

352 3955 496 4007 chronicis.
839 3957 938 4005 council
961 3971 1004 4005 are
1026 3956 1126 4019 printed
1152 3959 1186 4018 by
1208 3958 1305 4021 Manui,

386 4023 515 4087 werae]
533 4023 677 4086 According
695 4030 721 4073 to
739 4025 814 4074 Weu·
839 4025 945 4076 Collect.
964 4027 1087 4089 Ampliss.
1111 4026 1179 4077 Nos.
1198 4033 1258 4078 tom.
1277 4045 1302 4079 x.

351 4090 449 4145 duver‘s
471 4094 632 4156 chronology,
654 4095 704 4143 this
726 4094 814 4144 would
840 4110 865 4156 p.
879 4101 936 4146 5⁰⁵.
969 4097 1060 4146 Itwas
1076 4096 1135 4145 held
1151 4101 1195 4146 not
1211 4113 1243 4146 on
1260 4099 1303 4148 the

351 4165 383 4216 be
404 4169 509 4228 correct,
530 4178 560 4214 ss
578 4164 610 4214 be
629 4164 713 4214 before
735 4169 814 4215 states
839 4165 977 4228 tbirdday,
988 4168 1035 4216 but
1045 4181 1077 4215 ou
1089 4167 1131 4216 the
1143 4167 1211 4216 third
1222 4168 1302 4218 ot‘tbe

351 4235 445 4287 Wibba
458 4239 484 4285 to
501 4235 566 4286 bave
576 4234 637 4286 died
649 4235 676 4286 in
687 4238 747 4300 ⁶⁹4,
762 4235 813 4286 sud
838 4235 941 4286 calend:
951 4236 981 4288 os
992 4235 1093 4301 March,
1102 4239 1134 4286 2⁷
1147 4237 1209 4288 Feb.
1220 4241 1278 4290 61⁰.
