2888 4852
417 434 557 483 neonus
584 433 854 483 atsronmann.
1041 419 1108 484 475

157 591 264 671 regia.
301 588 483 653 Alfredum
498 610 581 654 vero
589 590 767 673 juvenem,
783 590 878 672 regio
895 589 1023 655 honore
1045 612 1108 675 per

156 690 272 752 omnia
289 690 442 770 dignum,
459 690 604 770 ligatum
619 690 662 753 ad
675 691 794 753 urbem
811 691 1002 755 transmisit
1014 691 1105 756 Lou-

156 788 336 852 doniarum
363 789 406 852 ad
434 809 549 870 regem
573 788 768 853 Haroldum
791 790 967 854 inimicum
991 808 1119 867 suum,·

157 895 196 950 ut
216 888 407 951 uberiorem
423 889 467 951 ab
491 908 532 952 eo
555 888 704 970 gratiam
725 889 909 967 inveniret,
924 909 1001 953 curn
1017 909 1105 972 pau·

157 988 207 1050 cis
225 1006 364 1050 suorum
391 988 450 1069 qui
474 988 673 1052 indecimati
695 997 942 1065 remanserant,
960 989 1020 1070 qni
1042 990 1105 1052 mi·

154 1085 234 1149 lites
249 1106 367 1150 omnes
387 1087 488 1150 nimis
504 1088 694 1169 perniciose
709 1089 875 1171 peremit;
892 1095 997 1170 atque
1012 1088 1106 1153 illico

156 1203 234 1247 cum
261 1185 441 1251 Haroldus
463 1207 526 1250 rex
546 1185 728 1251 Alsredum
749 1188 914 1271 juvenem
937 1207 1107 1270 conspex-

156 1284 253 1362 isset,
279 1285 323 1349 ad
350 1285 499 1349 insulam
528 1286 702 1351 Eliensem
730 1288 970 1352 transmissum
996 1288 1105 1352 oculis

155 1383 285 1465 privari
300 1384 394 1463 fecit,
403 1386 463 1449 ubi
478 1404 550 1468 pree
560 1387 679 1450 dolore
693 1386 877 1451 defunctus
892 1387 1103 1470 sepulturam

156 1486 301 1566 accepit.

174 1657 292 1741 Corpus
307 1657 487 1740 [Pallantis
489 1657 576 1741 filii]
591 1658 741 1723 Evandri
754 1667 908 1744 repertum
922 1666 964 1723 est
977 1658 1091 1722 Ιίοφηιε.

206 1778 311 1844 Anno
334 1782 457 1862 gratiae
486 1798 668 1847 mxxxvn.
684 1776 825 1866 ¹corpus
847 1781 1019 1846 Pallantis
1044 1782 1104 1847 filii
1119 1804 1173 1843 nn.
1185 1806 1241 1845 10³2.

157 1879 323 1956 Evandri,
346 1880 388 1944 de
413 1900 483 1963 quo
498 1881 668 1964 Virgilius
695 1883 812 1960 resert,
839 1882 962 1946 Romae
989 1901 1104 1965 reper·
1118 1855 1260 1945 imum

156 1986 229 2041 tum
263 1987 316 2043 est
340 1981 590 2063 incorruptum,
611 1983 744 2063 ingenti
771 1984 923 2046 omnium
956 1981 1105 2045 admira·
1118 1955 1225 1995 “m“

158 2079 265 2153 tione,
282 2079 373 2161 quod
391 2099 452 2161 per
466 2086 520 2144 tot
534 2082 662 2144 saecula
676 2082 913 2164 integritatem
929 2083 1083 2146 servavit
1095 2102 1104 2162 3

156 2178 290 2258 apertio
317 2186 432 2242 autem
456 2179 621 2258 vulneris,
646 2182 737 2263 quod
766 2182 802 2245 in
831 2181 943 2245 medio
966 2190 1106 2262 pectore

156 2276 295 2339 Turnus
319 2276 458 2354 fecerat,
475 2287 624 2361 quatuor
643 2282 769 2364 pedum
792 2288 827 2344 et
849 2281 953 2344 semis
976 2280 1106 2345 babens

155 2375 392 2457 longitudinis
455 2377 519 2443 Est
552 2387 726 2463 repertum
757 2387 862 2463 atque
891 2379 1106 2464 epitaphium
1152 2374 1155 2379 ’

155 2473 353 2559 hujusmodi
367 2479 649 2562 superscriptum,

296 2633 384 2691 Filius
400 2634 527 2692 Evandri
543 2635 647 2704 Pallas,
662 2656 747 2713 quem
761 2635 859 2694 lancea
872 2637 963 2694 Turni

336 2730 440 2787 Militis
454 2730 565 2800 occidit,
579 2751 658 2789 more
672 2752 723 2789 suo
734 2733 811 2807 jacet
824 2733 880 2789 hic.

156 2874 306 2945 Ardens²
330 2882 472 2945 lucerna
492 2882 535 2944 ad
562 2890 669 2965 caput
692 2882 768 2966 ejus
789 2882 932 2946 inventa
953 2889 1007 2947 est
1030 2891 1105 2948 arte

156 2982 356 3045 mechanica
370 2981 573 3064 composita,
587 2982 637 3045 ita
660 2988 700 3046 ut
719 2981 846 3045 nullius
862 2983 1028 3046 violentia
1042 2982 1105 3047 fla·

157 3088 225 3157 tus,
246 3081 375 3145 nullius
400 3080 598 3162 aspersione
614 3081 758 3163 liquoris
773 3081 906 3146 valeret
922 3082 1080 3164 extingui
1094 3102 1103 3162 ;

158 3180 250 3262 quod
268 3199 346 3243 cum
364 3181 463 3245 multi
479 3181 697 3257 mirarentur,
706 3180 859 3263 quidam,
874 3182 1035 3246 subtilius
1052 3183 1105 3245 in-

155 3280 294 3361 genium
325 3279 467 3358 habens,
491 3280 572 3344 stilo
598 3280 721 3345 subtus
745 3280 919 3345 flammam
950 3281 1104 3346 foramen

155 3379 248 3456 fecit,
262 3380 366 3457 unde,
382 3380 579 3445 introducto
594 3399 685 3457 aere,
700 3381 792 3462 ignis
809 3381 971 3445 cessavit.
1017 3380 1104 3445 Cor-

154 3499 219 3560 pus
234 3500 371 3564 quoqne
385 3480 428 3543 ad
444 3499 578 3543 murum
595 3487 693 3544 stans
710 3486 874 3557 erectum,
887 3480 1104 3562 longitudine
1205 3562 1208 3567 ι

155 3598 219 3642 sua
236 3581 349 3662 ipsum
366 3580 471 3660 vicit3
495 3580 555 3643 sed
572 3579 837 3661 procedentibus
851 3580 983 3657 diebus,
1005 3579 1104 3645 stilli-

155 3678 253 3741 cidiis
272 3680 468 3743 rorantibus
484 3685 520 3743 et
533 3698 658 3762 corpus
673 3679 991 3756 madefacientibtm,
1013 3699 1104 3745 com·
1145 3713 1151 3724 ·

191 3868 198 3900 ¹
212 3872 306 3934 Corpus
325 3867 480 3938 Pallantia]
505 3872 559 3922 The
575 3887 617 3922 ac·
640 3873 701 3933 ing;
711 3874 719 3901 ‘
729 3873 806 3924 Quod
824 3869 873 3922 non
883 3877 943 3921 tunc
954 3872 1104 3922 crediderim

153 3947 230 3990 count
251 3940 381 4003 following
408 3941 430 3990 is
452 3941 529 3991 taken
553 3943 617 3993 from
641 3942 745 4004 lactum,
767 3943 827 3991 licet
852 3942 1004 4004 Carmentis,
1025 3947 1105 3991 mater

155 4013 324 4074 Malmsbnry‚
336 4008 349 4076 ξ
360 4014 417 4060 2⁰6.
642 4013 764 4074 Evandri,
778 4013 883 4060 Latinas
901 4013 988 4060 literas
1004 4012 1105 4061 dicutur

641 4082 783 4141 invenissc3
799 4082 844 4131 sed
860 4083 893 4130 ab
905 4081 987 4129 Ennio
998 4082 1037 4129 vel
1054 4081 1105 4130 alio

187 4149 305 4201 ‘Artem
319 4149 436 4210 luem]
458 4151 616 4212 blelmobury
641 4152 727 4213 aliquo
754 4153 858 4215 antiquo
885 4157 960 4213 poeta
982 4151 1107 4213 composi·

153 4222 218 4272 aller
228 4222 270 4270 the
280 4222 385 4284 epitaph
396 4223 443 4273 bas
459 4221 501 4272 the
519 4221 617 4271 follow·
640 4218 711 4273 tum?
