2888 4852
432 437 572 487 rnouus
596 437 865 488 nrsronranuu.
1059 421 1125 487 113

334 667 529 736 Attulimus
543 692 598 736 rea
616 670 859 735 Oaataors'oram
873 669 960 736 obiit.

218 791 327 858 Anno
342 795 464 876 gratiae
479 796 604 859 nuxvr.
623 787 876 873 'Athelbertus,
887 815 951 860 rex
968 793 1122 861 Cantua·
1135 817 1190 857 in.
1200 818 1245 856 eu.

171 892 314 971 riorum,
336 903 416 977 post
439 914 585 977 regnum
610 894 812 977 temporale,
840 895 932 978 quod
951 897 1121 980 quinqua·
1134 867 1277 967 lalisio

171 991 271 1074 ginta
287 1001 324 1058 et
339 1013 402 1058 sex
419 996 518 1058 annis
542 993 790 1077 gloriosissime
805 1003 977 1074 tenuerat,
992 1004 1122 1061 aeterna

171 1092 321 1157 eoelestis
342 1094 439 1177 regni
466 1095 595 1176 gaudia
618 1093 839 1175 conscendit3
862 1095 1045 1161 defunctus
1059 1115 1121 1160 au·

173 1199 241 1256 tem
264 1201 347 1275 post
371 1194 496 1276 viginti
521 1203 556 1260 et
577 1215 683 1259 unum
706 1214 817 1260 annos
833 1189 1004 1279 'acceptes
1030 1196 1122 1275 fidei,

173 1291 209 1355 iu
223 1293 361 1375 porticu
374 1295 486 1359 sancti
506 1295 650 1360 Martini
672 1296 765 1359 intra
779 1296 959 1360 eeclesiam
981 1305 1122 1379 aposto-

173 1390 285 1456 lorum
308 1391 405 1458 Petri
421 1401 457 1459 et
473 1393 590 1472 Pauli,
605 1414 709 1477 quam
730 1395 805 1477 ipse
822 1395 1041 1474 fundaverat,
1067 1415 1120 1460 se·

173 1491 292 1574 pnltns
305 1501 372 1559 est.
409 1493 512 1559 Anno
525 1496 644 1578 itaque
653 1514 721 1576 qno
736 1494 919 1560 defunctus
935 1504 989 1561 est
999 1494 1122 1560 Athel-

174 1591 304 1671 bertus,
328 1613 407 1657 eum
431 1595 523 1659 filins
548 1594 624 1679 ejus
649 1594 850 1659 Eadbaldns
873 1596 972 1677 regni
997 1597 1121 1678 guber·

174 1693 299 1757 nacula
323 1695 543 1778 suscepisset,
567 1714 695 1776 magno
726 1695 774 1758 ibi
802 1695 939 1761 tenellis
969 1695 1123 1759 ecclesiae

174 1794 357 1858 crementis
381 1795 587 1860 detrimento
608 1793 694 1873 fuit3
728 1794 895 1877 siquidem
922 1815 992 1860 nou
1011 1795 1123 1860 solum

176 1892 277 1956 fidem
291 1892 423 1958 Christi
439 1895 591 1977 recipere
612 1894 736 1971 noluit,
758 1895 819 1958 sed
838 1902 873 1959 et
889 1895 952 1959 tali
974 1894 1123 1959 fornica·

176 1992 270 2057 tione
292 1993 447 2078 pollutus
462 2001 528 2072 est,
542 2001 581 2058 ut
597 1989 757 2058 ³nxorem
775 1995 884 2078 patris
902 1994 1045 2058 insanus
1062 1995 1123 2058 ha·

177 2092 285 2158 beret.
336 2092 448 2159 Auxit
463 2103 579 2160 autem
592 2093 779 2178 procellam
795 2094 1033 2179 hujuscemodi
1044 2114 1123 2177 per·
1136 2112 1210 2151 annu

178 2194 385 2258 turbationis
407 2195 510 2260 stiam
525 2214 618 2258 mors
635 2195 780 2272 Seberti,
798 2195 889 2276 regis
906 2194 1124 2259 orientalium
1137 2164 1217 2203 Μ’

179 2292 371 2370 Saxonum,
385 2295 457 2378 qui,
472 2314 582 2377 regua
603 2295 767 2379 perennia
781 2302 911 2378 petens,
935 2302 1005 2359 tres
1023 2295 1126 2372 filios,

179 2394 238 2477 qui
259 2395 391 2477 pagani
415 2402 687 2479 permanserant,
710 2393 808 2476 regni
835 2395 1033 2478 temporalis
1054 2395 1126 2459 hae·

179 2494 278 2559 redes
302 2494 451 2577 reliquit
505 2494 695 2579 Coeperunt
724 2494 775 2558 illi
804 2514 886 2560 mox
910 2494 1128 2573 idololatriae,

180 2613 283 2677 quam
309 2595 450 2660 vivente
482 2603 582 2678 patre
616 2595 870 2678 aliquantulum
902 2595 1130 2659 intermisisse

180 2694 398 2773 videbantur,
413 2695 528 2779 palam
545 2694 719 2760 deservire
741 2695 974 2780 subjectisque
990 2694 1129 2778 populis

182 2792 275 2860 idola
298 2794 433 2859 colendi
455 2795 597 2860 liberam
628 2796 710 2859 dare
729 2794 924 2874 licentiam
959 2795 1020 2876 qui
1051 2815 1129 2858 cnm

183 2895 338 2959 riderent
367 2895 579 2978 pontificem,
608 2895 790 2960 celebratis
818 2895 853 2958 in
878 2894 1023 2959 ecclesia
1048 2895 1130 2957 mis-

183 3012 297 3059 sarum
314 2995 502 3073 solemniis,
517 2995 759 3060 eucharistiam
782 2994 911 3077 populo
927 2995 1022 3071 dare,
1039 2994 1130 3058 dice·

182 3093 267 3159 bant
290 3095 335 3158 ad
363 3115 441 3160 enm
464 3097 645 3161 barbarica
672 3094 782 3158 inflati
810 3095 971 3171 stultitia,
987 3093 1131 3172 ‘Quare

183 3213 250 3259 non
276 3195 381 3260 etiam
407 3197 506 3261 nobis
528 3197 674 3280 porrigis
699 3213 824 3278 panem
847 3194 1005 3272 nitidum,
1030 3214 1131 3276 quem

185 3303 219 3360 et
240 3295 334 3380 putri
356 3303 475 3360 nostro
498 3295 640 3360 Seberto
663 3295 784 3372 dabas,
811 3301 846 3358 et
870 3293 982 3357 adhuc
1004 3293 1133 3376 populo

184 3395 218 3460 in
245 3395 394 3460 ecelesia
419 3396 502 3461 dare
522 3416 592 3460 nou
618 3395 789 3459 desinisl'
823 3395 947 3477 quibus
977 3392 1133 3457 Mellitos

184 3493 257 3579 ipse
274 3495 466 3578 respondit,
481 3496 541 3559 ‘Si
558 3496 664 3560 vultis
681 3495 775 3559 ablui
790 3494 850 3558 illo
865 3493 961 3558 fonte
975 3493 1134 3570 salutari,

184 3615 252 3679 quo
269 3603 373 3681 puter
387 3602 503 3661 vester
518 3596 658 3660 ablutus
675 3602 740 3672 est,
751 3595 897 3677 potestis
909 3595 1009 3677 panis
1024 3595 1136 3659 sancti

219 3823 416 3888 Mutilum]
432 3823 612 3872 Theaeeouuts
621 3819 651 3869 ol
658 3822 661 3853 ¹
671 3821 716 3868 tim
728 3818 792 3866 from
805 3818 887 3878 Beda,
898 3815 911 3883 ξ
923 3822 980 3876 101,
990 3831 1053 3880 seqq.

184 3897 225 3947 the
236 3895 316 3945 death
331 3893 593 3944 oonthelberhtnnd
604 3893 648 3939 Se·
708 3887 718 3916 ²
736 3888 847 3952 Accepta
861 3887 946 3952 fidei]
970 3887 1037 3935 That
1058 3888 1090 3949 is,
1112 3887 1138 3935 in

184 3968 250 4026 bert,
270 3965 314 4013 the
337 3963 429 4013 former
446 3962 476 4012 of
492 3963 585 4024 whom,
607 3959 800 4061 rao-'Englenm
835 3959 882 4007 See
896 3957 975 4011 Beda,
987 3957 1000 4019 §
1013 3961 1067 4005 loo.

184 4036 290 4097 ending
307 4038 334 4082 to
355 4032 399 4083 the
421 4048 490 4082 sume
512 4031 649 4091 authority,
712 4025 842 4077 ’Uxorem
851 4026 1018 4091 panemo
1029 4040 1101 4074 name
1113 4024 1143 4074 oi

185 4105 245 4157 died
264 4108 297 4154 24
312 4104 454 4166 February,
463 4102 577 4164 together
587 4100 650 4149 with
674 4097 862 4147 Aethslberht's
873 4096 965 4146 second
973 4095 1033 4144 wife
1044 4096 1067 4143 is
1079 4110 1141 4156 sup-

184 4173 481 4239 theportiouolchnroh
494 4170 652 4233 historythat
676 4168 755 4232 posed
778 4173 804 4216 to
826 4166 890 4216 heve
912 4167 976 4214 been
1004 4165 1141 4228 porposely

185 4246 296 4308 follows,
305 4259 350 4295 ure
365 4243 443 4295 taken
462 4242 550 4305 nearly
561 4242 651 4292 verba-
676 4237 833 4301 suppressed
843 4238 878 4298 by
889 4235 1035 4287 historiens.

237 4337 318 4386 von.
338 4336 362 4384 r.
977 4327 988 4374 1
