2888 4852
400 409 542 459 amans
564 409 832 459 maneamus.
1025 394 1091 461 167

139 584 263 631 manos
284 565 410 632 fratres
424 565 665 645 Athelredum,
686 567 852 645 Peadam‚
868 567 911 632 de
939 588 1008 654 quo
1031 589 1089 634 su·

139 666 257 748 parius
276 667 424 733 relatum
450 676 515 746 ast,
540 678 576 732 et
601 667 829 733 Merwaldum
854 669 974 752 quiin
999 671 1090 736 occi-

139 764 272 830 dentali
297 766 507 833 Marciorum
540 769 646 852 plaga
677 770 848 851 regnavit.
902 769 1010 835 Istius
1036 790 1090 834 re-

140 865 237 948 gina,
256 874 380 932 sancta
394 868 647 951 Ermenburga,
661 868 862 933 Ermenredi
885 870 1002 935 fratris
1025 871 1090 934 Er-

139 967 296 1032 euubsrti
311 969 403 1051 ragis
417 968 553 1033 Cantiae
567 968 652 1046 filia,
665 976 735 1033 tres
750 970 781 1032 ei
795 969 885 1033 filias
898 972 1091 1052 generavit,

139 1074 298 1133 sanctam
322 1069 482 1133 videlicet
503 1062 747 1151 ‘milburgam
770 1077 926 1134 sanctam
952 1071 1090 1135 Mildri·

140 1166 234 1245 dam,
263 1177 489 1251 sanctamque
515 1168 751 1254 Milgythem3
782 1170 917 1253 peperit
946 1170 1089 1254 insuper

142 1266 175 1330 ei
203 1266 313 1332 filium
344 1270 482 1335 nemine
517 1269 737 1347 Merefinum,
766 1269 904 1334 eximiae
944 1291 1090 1355 puerum

140 1367 350 1433 sanctitatis.
402 1369 577 1434 Successit
583 1369 745 1434 Wlshero
759 1370 867 1434 frater
881 1370 957 1455 ejus
968 1369 1092 1436 Athel-

140 1466 257 1545 redue,
298 1469 358 1551 qui
393 1471 486 1552 regis
527 1469 564 1534 N
566 1469 912 1534 orthanhumbrorum
958 1471 1092 1553 Egiridi

143 1586 295 1633 sororem
323 1568 516 1635 Oatritham
541 1570 579 1634 in
610 1570 793 1655 conjugem
815 1571 1001 1652 accipiens,
1025 1571 1092 1636 Ce-

144 1666 299 1733 ulredum
328 1689 374 1734 ex
402 1688 444 1735 ea
473 1671 583 1734 filium
612 1671 776 1753 suscepit.
837 1670 968 1735 Eodem
999 1690 1091 1737 anne
1104 1691 1208 1733 nasset

143 1768 360 1848 Eascwiuus,
374 1790 438 1835 rex
451 1771 715 1836 occidentalium
728 1770 920 1848 Saxonum,
932 1771 1091 1850 decessit,
1103 1741 1219 1784 mm

143 1870 204 1952 qui
235 1869 304 1934 fuit
330 1869 525 1949 Keuserthi,
556 1872 617 1954 qui
643 1871 711 1935 fuit
735 1870 908 1952 Cuthgils,
937 1872 997 1953 qui
1026 1871 1093 1936 suit

144 1966 302 2047 Geolwls,
317 1972 378 2053 qui
392 1971 459 2036 fuit
477 1971 632 2036 Kenriei.
666 1971 841 2036 Successit
851 1978 967 2034 autem
985 1972 1094 2036 Ease·

145 2070 238 2133 wine
254 2063 482 2136 'Kentwiuus
496 2073 616 2136 decem
629 2072 743 2149 annis,
764 2071 824 2154 qui
840 2070 906 2136 suit
920 2070 1095 2155 Kinegils,

143 2169 205 2254 qui
219 2169 285 2236 fuit
300 2170 457 2250 Ceolwlf,
474 2179 508 2237 at
525 2179 664 2238 coetera.

453 2345 562 2410 Danas
576 2343 655 2409 sedit
670 2344 784 2408 Rene.

196 2466 302 2532 Anno
325 2468 449 2551 gratiae
475 2484 669 2533 ncnxxvn.
692 2461 835 2533 ³Douus
859 2468 949 2532 sedit
976 2468 1014 2532 in
1039 2486 1219 2533 casnm.

146 2566 268 2632 thedra
299 2568 460 2632 Romana
490 2588 582 2633 anne
612 2589 694 2646 uno,
724 2569 900 2632 mansibus
931 2569 1098 2651 quinque,
1110 2543 1252 2592 mm

147 2668 267 2732 diebus
283 2666 414 2746 decem,
439 2678 475 2734 et
499 2670 651 2733 cessavit
667 2668 766 2732 sedes
790 2670 964 2733 mensibus
980 2669 1098 2733 decem

147 2776 184 2833 et
196 2766 319 2832 diebus
332 2769 539 2851 quindecim.
585 2768 666 2832 Hoc
678 2776 832 2850 tempore
847 2768 964 2833 floruit
977 2776 1101 2833 sancta

149 2861 380 2933 *Etheldrede
400 2870 438 2933 in
461 2869 577 2933 insula
596 2869 739 2933 Eliensi.
791 2869 863 2933 Sub
885 2869 939 2932 his
961 2888 1100 2951 quoque

150 2968 270 3032 diebus
286 2977 422 3033 cometa
438 2989 500 3052 per
517 2976 587 3032 tres
610 2987 745 3032 menses
768 2970 942 3052 apperuit,
957 2977 994 3032 et
1015 2988 1102 3033 uno-

150 3088 287 3152 quoque
303 3067 358 3132 die
371 3087 473 3132 mana
489 3068 585 3133 velut
600 3067 654 3132 sol
671 3068 894 3150 resplenduit.

342 3240 514 3326 Wilsridus
528 3239 567 3306 ab
582 3241 758 3327 episcopatu
766 3239 912 3326 pellitur.

199 3363 305 3431 Anno
336 3365 460 3447 gratiae
481 3382 692 3430 ncnxxvm.
722 3357 820 3428 ³erta
851 3370 905 3427 est
931 3362 1103 3426 dissensio
1115 3387 1170 3428 nn.
1180 3386 1225 3426 eu.

150 3466 370 3547 interregem
389 3464 774 3531 Northanhumbrorum
791 3462 973 3545 ngridum
991 3469 1027 3525 et
1044 3481 1103 3525 ve·
1115 3437 1244 3527 wiffl‘iiff'

153 3565 340 3630 nei-abilam
354 3565 652 3649 archiepiscopum
662 3563 873 3628 Wiliridum.
906 3554 1105 3645 ‘Expulsus
1130 3537 1227 3586 ΜΨ·

152 3673 269 3730 autem
286 3666 508 3745 aitsanctus,
525 3674 596 3730 tres
612 3666 649 3729 iu
665 3664 741 3749 ejus
757 3663 835 3727 loeo
851 3670 933 3728 sunt
949 3662 1104 3746 episcopi

186 3872 382 3946 wilhemus]
390 3878 618 3939 Malmsburyealls
676 3875 687 3908 ⁴
699 3871 870 3947 Ethemeam]
881 3877 932 3928 She
942 3877 1002 3926 died
1011 3877 1036 3925 iu
1047 3876 1106 3925 679.

152 3950 221 3999 them
243 3949 385 4012 Milburga,
402 3948 546 4012 Mildrithe,
567 3947 618 3997 aad
642 3948 720 4011 Augl.
731 3949 803 3998 Sacr.
814 3949 832 3998 i.
845 3964 870 4011 p.
883 3952 941 3998 596.

154 4017 297 4069 Muenna.
678 4015 689 4045 ⁶
713 4018 777 4066 Oria
808 4022 845 4066 eet
878 4014 1025 4079 diaecesim]
1060 4012 1108 4062 See

189 4086 380 4151 'meinsss
399 4086 450 4136 His
460 4085 536 4137 death
548 4087 571 4136 is
581 4101 619 4136 re·
645 4086 814 4149 Malmsbury,
824 4102 850 4148 p.
862 4091 904 4149 ⁷8,
914 4091 969 4134 nete
983 4083 1001 4135 ¹.

153 4158 446 4210 madhelowinusu.
680 4154 934 4221 wammam]
946 4157 1019 4204 From
1029 4153 1111 4215 Beda,

190 4226 617 4292 ‘mafiediedunpriiesa
646 4224 728 4292 §m
