2888 4852
322 387 388 450 504
579 405 714 452 nocnnr
739 405 785 452 nn
808 404 1015 454 wnunovua

442 637 530 718 Quod
549 635 716 702 Walleeees
732 658 829 723 repen
846 658 936 702 saum
946 645 1155 722 peremerant

164 777 219 818 w
230 777 285 817 ¹⁰⁶⁴
375 761 480 827 Anno
496 760 636 826 Domini
656 778 787 826 mcxiv.
802 781 888 843 gens
905 760 1147 837 wallensium,
1166 777 1288 824 nonas

163 827 266 918 ‹ffiff
325 859 492 944 Augusti,
505 882 587 944 rege
603 859 750 925 Griffino
765 868 944 945 perempto
957 868 1063 944 caput
1078 880 1184 925 suum
1197 859 1287 923 duci

326 960 485 1025 Haroldo
500 962 679 1037 miserunt,
695 960 788 1044 quod
803 981 886 1025 mox
904 959 1082 1026 Haroldus
1098 958 1143 1024 ad
1159 978 1286 1041 regem

326 1060 556 1125 Eedwardum
571 1061 824 1137 transmittens,
839 1060 945 1124 alium
959 1059 1198 1125 wallensibus
1223 1078 1285 1123 re·

325 1179 404 1242 gem
433 1159 613 1244 praefecit;
649 1161 723 1242 qui,
747 1158 940 1241 Anglornm
969 1160 1043 1242 regi
1072 1158 1284 1224 fidelitatem

324 1259 468 1337 faciens,
486 1260 614 1337 omnia,
629 1279 708 1341 quae
730 1259 869 1342 regibus
885 1257 1043 1340 Anglieis
1064 1258 1155 1323 solvi
1173 1257 1286 1323 debe-

325 1360 462 1438 bantur,
478 1359 553 1444 ipse
568 1358 714 1424 fideliter
730 1377 768 1423 se
786 1357 998 1423 redditurum
1012 1357 1214 1443 spopondit.

400 1535 450 1600 De
462 1534 634 1600 inventione
649 1532 752 1598 macti
768 1532 889 1598 Oswiai
900 1532 982 1618 ναμία
996 1538 1024 1596 et
1038 1532 1200 1616 martyris.

164 1674 220 1714 νυ
231 1676 286 1715 πων
377 1658 480 1724 Anno
494 1659 618 1742 gratiae
633 1674 748 1721 unxv.
762 1650 921 1722 ¹inventa
936 1664 1112 1722 suntosse
1127 1657 1283 1722 sanctis·

162 1724 352 1866 mezo?
324 1779 413 1824 sune
426 1759 519 1823 beati
535 1757 668 1822 Oswini
687 1757 779 1839 regis
795 1763 831 1820 et
845 1757 1020 1840 martyris,
1039 1756 1076 1819 in
1090 1755 1181 1820 bunc
1201 1777 1282 1822 mo·

324 1860 427 1939 dum3
460 1858 548 1922 Post
570 1859 768 1940 passionem
790 1875 873 1920 vero
902 1850 1155 1938 praeclarissimi
1180 1856 1280 1939 regis

324 1959 516 2036 memorati,
530 1958 647 2022 sicut
637 1977 674 2020 ιιι
689 1963 841 2021 tractatu
856 1957 899 2019 de
915 1955 992 2039 ejus
1008 1955 1174 2053 martyrio
1193 1977 1277 2021 con-

323 2066 395 2124 stat
412 2059 570 2141 superius
585 2056 777 2121 luculenter
791 2073 1006 2137 expressum,
1021 2073 1146 2137 corpus
1162 2055 1279 2138 ipsius

324 2160 367 2223 ad
391 2156 636 2222 monasterium
658 2158 770 2220 beatae
792 2154 859 2221 Dei
881 2155 1057 2236 genitricis
1081 2153 1219 2233 Mariae,
1239 2158 1278 2220 in

324 2260 414 2323 ostio
424 2258 534 2342 Tynae
546 2257 697 2320 fluminis
713 2256 757 2319 ad
774 2254 969 2338 aquilonem
986 2256 1103 2331 situm,
1119 2253 1276 2320 delatum

324 2366 390 2435 est,
405 2365 440 2421 et
461 2358 496 2421 in
516 2376 570 2434 eo,
586 2357 682 2439 regio
702 2375 810 2432 more,
827 2352 1022 2437 sepultum3
1050 2354 1109 2416 ubi
1131 2365 1278 2437 propter

324 2457 567 2520 miraculorum
588 2457 663 2540 ejus
679 2455 919 2539 frequentiam,
937 2474 997 2536 per
1011 2454 1189 2517 innumera
1210 2474 1275 2520 an·

323 2576 445 2620 norum
467 2554 640 2620 curricula
665 2573 687 2617 a
705 2555 835 2638 populo
862 2554 1013 2635 regionis
1038 2553 1134 2618 locus
1157 2557 1277 2637 sepul-

325 2664 413 2720 turae
440 2656 533 2719 illius
566 2656 602 2718 in
631 2662 731 2718 tanta
758 2654 950 2718 reverentia
979 2662 1033 2716 est
1058 2652 1209 2731 habitus,
1234 2664 1276 2722 ut

323 2775 438 2838 regem
449 2764 483 2820 et
498 2762 682 2839 martyrem
701 2774 806 2837 penes
821 2773 880 2817 cos
895 2753 1081 2836 sepultum,
1095 2753 1275 2820 dominum

323 2863 358 2920 et
374 2864 556 2938 patronum
572 2855 723 2918 interris
740 2862 774 2917 et
792 2853 1005 2917 defensorem
1022 2852 1148 2916 hebere
1163 2874 1276 2938 exop-

323 2962 436 3018 tarent
451 2956 485 3019 in
502 2954 616 3019 caelis:
636 2953 727 3016 unde
739 2972 900 3036 processu
918 2953 1093 3035 temporis,
1105 2952 1147 3016 ed
1159 2955 1273 3038 majo·

293 3102 303 3119 .
322 3075 393 3117 rem
413 3054 587 3136 magnifici
605 3054 765 3137 martyris
788 3051 946 3133 gloriam,
970 3053 1121 3132 virgines
1142 3055 1276 3118 sancti-

321 3154 499 3231 moniales,
514 3154 557 3217 de
572 3154 729 3217 coenobio
743 3159 873 3215 sanctae
889 3150 1006 3215 Hildae
1021 3151 1205 3215 abbatissae
1224 3155 1273 3218 ad

320 3254 396 3336 ejus
412 3274 537 3336 corpus
560 3253 777 3327 introductae,
800 3250 974 3334 usquead
998 3251 1272 3332 persecutionem

321 3353 503 3429 Danicam‚
520 3352 714 3435 Hinguaris
727 3360 766 3429 ⁸et
778 3350 918 3413 Hubbae
936 3349 1079 3414 fratrum
1096 3351 1190 3414 rabie
1206 3371 1272 3416 ex·

320 3454 473 3530 citatem,
494 3454 529 3516 in
555 3452 700 3517 ecclesia
727 3453 836 3516 beatae
858 3449 924 3513 Dei
945 3450 1119 3531 genitricis
1144 3449 1272 3517 Mariae

318 3551 354 3614 in
368 3572 529 3634 supremo
544 3552 720 3632 religionis
736 3551 883 3614 culmine
897 3557 1171 3632 permanserunt.
1225 3551 1273 3617 In

319 3651 384 3716 hoc
407 3671 545 3734 quoque
568 3651 748 3714 diabolicae
772 3650 1019 3733 persecutionis
1043 3649 1165 3713 ardore
1197 3670 1272 3715 coe-

319 3752 456 3815 nobium
473 3751 558 3814 illud
575 3758 611 3814 et
632 3757 758 3813 cuncte
775 3750 850 3832 ejus
866 3749 1023 3824 aedificia,
1040 3768 1116 3812 curn
1133 3752 1272 3816 ceteris

318 3850 457 3933 Angliae
482 3850 712 3926 monasteriis,
736 3850 887 3913 creditur
911 3848 1110 3912 demolitum
1134 3868 1156 3912 a
1178 3869 1271 3931 prae·

352 4071 360 4101 ¹
375 4074 476 4121 lacento
492 4075 547 4119 suat
564 4069 638 4132 essa]
659 4069 777 4116 Florcuce
803 4068 879 4126 wini;
897 4068 942 4114 but
959 4067 984 4114 in
1003 4065 1042 4113 his
1059 4064 1112 4124 lise,
1123 4067 1270 4130 (bpgrnre,

316 4145 365 4191 nuri
383 4144 483 4191 Simeon
502 4156 577 4203 agree
600 4141 625 4186 in
647 4137 777 4200 assiguing
802 4138 885 4185 cclvii.
899 4138 923 4186 b.
936 4137 956 4184 it
967 4137 989 4184 is
1000 4135 1082 4184 stated
1095 4135 1148 4183 that
1160 4136 1203 4185 the
1214 4138 1270 4185 ‹lis-

313 4213 364 4263 this
380 4213 438 4262 date
456 4218 480 4260 to
496 4211 537 4260 tbe
554 4210 681 4258 invention
692 4207 719 4257 oi
728 4208 777 4256 Os·
802 4222 891 4267 covery
903 4221 958 4256 was
974 4206 1047 4255 made
1059 4206 1084 4254 in
1099 4209 1170 4256 111⁰.
