2888 4852
427 422 565 472 rueres
590 423 857 473 ursrorulruu.
1048 408 1114 472 343

164 597 224 641 sus
247 579 390 661 spiritus
415 587 497 643 tuus
519 581 564 644 ad
587 600 713 663 corpus
729 588 827 644 tuum
849 587 885 644 et
906 580 1062 662 permisit
1076 588 1209 692 ῐθέιξιιιιε.Ι
1208 603 1238 692 οἷ

164 678 260 741 Deus
276 676 343 742 huc
359 680 489 757 venire,
504 688 544 743 ut
559 679 694 743 videres
711 686 852 762 propter
863 698 942 761 quae
967 688 1184 760 peccatacms

164 796 230 859 ego
254 786 290 842 et
313 797 443 856 omnes,
469 798 557 860 quos
571 779 702 855 vidisti,
719 779 804 843 talia
828 777 1000 860 supplicia
1023 779 1110 841 tole-

164 895 302 956 ramus;
326 897 395 942 uno
411 878 502 941 enim
524 879 579 941 die
593 897 669 942 sum
691 879 727 941 in
752 877 820 941 isto
843 876 1009 941 ferventis
1028 877 1112 941 dolii

163 976 286 1040 balneo
300 984 336 1041 et
352 976 462 1042 altero
477 977 533 1040 die
553 977 768 1041 transmittor
784 977 820 1040 in
836 975 930 1040 istud
946 976 1112 1040 suavissi-

164 1095 257 1138 mum
274 1094 375 1158 aquae
390 1075 531 1153 dolium,
554 1083 590 1140 et
612 1075 678 1139 hoc
699 1075 740 1139 fit
760 1076 874 1139 sancti
889 1074 986 1139 Petri
1011 1094 1111 1140 sanc·

164 1175 259 1256 tique
280 1174 432 1256 Remigii
447 1174 619 1258 precibus,
640 1194 787 1258 quorum
807 1175 1007 1258 patrociniis
1029 1174 1111 1239 hac·

164 1280 264 1337 tenus
280 1274 397 1354 regale
418 1293 528 1356 genus
549 1282 706 1338 nostrum
728 1274 908 1356 regnavit;
931 1281 967 1338 et
988 1272 1018 1336 si
1040 1273 1111 1337 cito

164 1372 247 1436 mihi
262 1374 475 1451 subveneris,
492 1381 531 1437 tu
547 1383 583 1439 et
595 1375 664 1438 mei
686 1372 805 1437 fideles
826 1373 979 1455 episcopi
996 1380 1033 1436 et
1047 1374 1110 1435 ab·

163 1472 262 1535 butes
286 1480 322 1535 et
340 1473 451 1536 omnis
472 1472 557 1535 ordo
578 1471 843 1547 ecclesiasticus,
866 1471 992 1547 missis,
1015 1471 1111 1534 obla·

164 1569 328 1647 tionibus,
350 1571 563 1653 psalmodiis,
577 1571 716 1651 vigiliis,
738 1578 774 1635 et
796 1569 1033 1652 eleemosynis,
1047 1589 1108 1634 ve-

163 1668 284 1733 lociter
312 1670 477 1733 liberatus
510 1688 570 1733 ero
600 1669 643 1733 de
667 1671 736 1733 isto
759 1668 851 1733 dolio
879 1688 979 1752 aquae
1006 1669 1109 1732 bulli-

164 1768 275 1846 entis3
299 1788 380 1832 nam
398 1769 507 1833 frater
528 1788 625 1832 meus
642 1767 841 1845 betharim,
865 1776 901 1832 et
923 1769 999 1852 ejus
1019 1768 1110 1832 filius

165 1866 374 1944 Ludovicus,
397 1869 509 1933 sancti
536 1867 632 1932 Petri
658 1868 839 1950 sanctique
854 1866 1006 1949 Remigii
1031 1886 1109 1949 pre·

164 1966 260 2029 cibus
275 1969 427 2050 exempti
447 1976 528 2030 sunt
549 1968 593 2030 ab
614 1968 690 2031 istis
714 1966 840 2050 poenis,
864 1973 900 2029 et
914 1966 990 2049 jam
1013 1965 1109 2031 ducti

163 2066 293 2129 suntin
311 2066 475 2147 gaudium
490 2065 643 2148 paradisi
655 2065 675 2145 ;‘
698 2074 734 2131 et
755 2065 845 2129 dixit
860 2064 905 2128 ad
932 2084 999 2142 me,
1012 2071 1023 2099 ‘
1037 2065 1109 2129 Re-

162 2164 257 2246 spice
286 2165 554 2243 sinistrorsum3'
588 2185 735 2247 cumque
764 2165 1007 2247 respexissem,
1038 2164 1110 2228 vidi

165 2263 212 2327 ibi
229 2263 298 2327 duo
315 2264 408 2328 dolia
429 2264 599 2328 altissima
619 2264 820 2341 bullientia3
844 2260 968 2339 ‘Ista'
983 2263 1108 2345 inquit,

163 2368 267 2426 ‘sunt
279 2364 341 2428 tibi
356 2370 566 2446 praeparata,
581 2363 648 2426 nisi
664 2372 699 2427 te
712 2362 959 2439 emendaveris,
980 2369 1015 2426 et
1034 2381 1109 2444 poe-

163 2463 343 2525 nitentium
367 2464 479 2545 egeris
505 2463 548 2527 de
575 2463 645 2526 tuis
673 2460 829 2525 nefandis
854 2457 1011 2525 delictis.’
1062 2461 1110 2524 Et

162 2567 244 2624 tunc
256 2562 347 2645 coepi
362 2563 516 2643 graviter
530 2561 681 2637 horrere,
694 2578 841 2641 cumque
855 2566 1010 2623 cerneret
1024 2558 1108 2622 duc·

162 2666 217 2722 tor
243 2679 340 2723 meus
360 2661 397 2724 in
424 2668 523 2725 tanto
550 2678 679 2741 pavore
702 2678 778 2722 esse
797 2658 957 2740 spiritum
982 2676 1108 2735 meum,

159 2756 250 2821 dixit
268 2757 313 2821 ad
332 2778 400 2834 me,
423 2759 596 2839 ‘Sequere
620 2778 676 2822 me
700 2757 744 2821 ad
767 2756 927 2821 dextram
951 2756 1107 2819 luculen-

162 2857 305 2920 tissimae
330 2858 432 2922 vallis
461 2857 626 2941 paradisi.
689 2857 735 2921 Et
765 2855 848 2919 dum
875 2854 1108 2937 graderemur,

161 2955 414 3038 contemplatus
440 2960 516 3021 suin
538 2956 574 3020 in
595 2957 728 3038 ingenti
750 2955 909 3019 claritate
933 2974 1011 3018 cum
1033 2953 1109 3035 glo-

160 3055 261 3118 riosis
282 3056 421 3137 regibus
442 3056 562 3120 sedere
580 3055 793 3131 Lotbarium,
811 3052 1019 3118 avunculum
1036 3073 1107 3117 me·

159 3173 230 3229 um,
247 3174 353 3237 super
368 3155 518 3238 lapidem
534 3155 707 3237 topazium
732 3154 828 3218 mirac
846 3152 1106 3235 magnitudinis,

159 3251 352 3317 diademate
377 3256 530 3337 pretioso
555 3262 780 3333 coronatum;
815 3252 936 3317 videns
965 3271 1019 3315 me
1047 3270 1105 3315 co·

161 3352 273 3415 minus
304 3355 499 3429 accersivit,
523 3352 651 3416 blanda
675 3372 760 3417 voce
789 3352 917 3427 dicens,
946 3350 1105 3428 ‘Carole,

159 3469 338 3514 successor
349 3472 446 3516 meus
459 3471 550 3515 nunc
561 3445 701 3515 ¹tertius
717 3452 752 3514 in
769 3450 913 3532 imperio
929 3448 1106 3513 Romano·

160 3569 247 3627 rum,
263 3550 343 3614 veni
359 3549 403 3612 ad
421 3571 496 3630 me3
520 3551 591 3614 scio
608 3551 701 3632 qnod
720 3570 782 3633 per
798 3547 971 3631 poenalem
993 3547 1106 3612 locum

160 3649 298 3724 venisti,
323 3649 381 3712 ubi
407 3658 461 3713 est
476 3656 576 3731 pater
598 3656 691 3727 tuus,
713 3649 820 3712 frater
842 3665 950 3724 meus,
972 3647 1107 3729 positus

160 3747 196 3810 in
219 3747 332 3830 poenis
358 3748 423 3812 sibi
448 3747 641 3825 destinatis,
667 3749 726 3812 sed
750 3767 811 3829 per
838 3745 1108 3811 misericordiam

196 3977 316 4028 'Tertius
336 3980 363 4028 in
385 3977 512 4049 imperia]
542 3982 620 4031 Louis
644 3982 739 4041 thaire3
775 3982 855 4031 Louis
883 3983 920 4043 11,
949 3982 1056 4033 Charles
1083 3982 1107 4031 le

158 4048 200 4096 the
219 4049 286 4098 third
304 4051 327 4096 is
346 4052 468 4111 probably
479 4052 538 4100 herc
549 4054 619 4100 omit·
644 4053 757 4114 Chanve,
781 4052 860 4102 Leuis
884 4052 937 4114 111,
960 4051 1067 4101 Charias
1083 4053 1108 4101 le

159 4119 210 4177 ted,
232 4119 366 4168 otherwise
384 4121 490 4170 charles
508 4121 533 4169 le
553 4122 620 4172 Gros
645 4121 719 4171 Gros.

159 4189 244 4236 would
261 4189 292 4238 be
315 4189 357 4238 the
380 4190 463 4238 fourth
486 4191 548 4240 from
573 4191 619 4240 Lo·
