2888 4852
313 393 379 457 516
571 408 706 456 uoonnr
730 407 777 455 nn
800 405 1008 456 wnunovnu

316 573 500 632 revocatur
523 567 560 631 iu
583 567 730 644 irritum,
751 566 862 632 multo
883 565 995 648 magis
1016 563 1281 650 jurameutum,

317 667 409 749 quod
425 667 500 750 ipse
515 667 580 730 sub
598 666 698 748 virga
715 667 806 749 regis
823 667 970 750 positus,
986 667 1063 749 ipso
1079 666 1281 743 nesciente,

317 773 460 831 coactus
486 767 627 844 iecerat,
655 767 768 843 debet,
796 773 837 830 ut
868 766 1005 843 usserit,
1031 765 1186 846 irritari3
1221 765 1281 829 uf-

317 867 433 930 firmat
464 873 645 948 praeterea,
678 867 779 930 nimis
806 872 1121 949 praesumptuosum
1146 864 1278 943 fuisse,

318 966 412 1049 qnod
438 966 571 1048 absque
592 966 746 1048 generali
770 985 940 1031 consensu
962 966 1062 1048 regui
1083 964 1278 1030 haeredita-

318 1075 387 1130 tem
406 1066 504 1129 vobis
516 1066 698 1149 juraverat
713 1064 883 1146 alienam3
907 1064 1004 1130 addit
1021 1065 1138 1143 etiam,
1156 1065 1278 1149 injus-

318 1172 393 1230 tum
408 1184 484 1229 esse
499 1173 628 1248 petere,
645 1173 685 1231 ut
707 1185 730 1230 a
746 1184 853 1248 regno
870 1165 1036 1243 disoedat,
1054 1164 1146 1248 quod
1169 1171 1278 1230 tanto

319 1265 512 1348 principum
524 1265 643 1330 favore
657 1273 858 1348 susceperat
872 1264 1158 1349 gubernandum!

391 1430 441 1496 De
454 1430 588 1495 advento
602 1430 691 1496 daea
706 1431 960 1496 Narmoaaoram
981 1428 1132 1495 thelui
1147 1428 1185 1494 iu

709 1530 872 1617 duplicem.

276 1703 308 1732 η.
373 1654 441 1718 His
453 1654 650 1720 Willelmus
664 1653 737 1718 dux
754 1653 789 1718 N
791 1653 1010 1720 ormannious
1024 1652 1280 1718 assertionibus

174 1754 220 1783 ⁸¹⁸⁸
238 1754 251 1782 ⁰
322 1755 461 1832 auditis,
469 1755 692 1820 vehementer
705 1755 813 1837 coepit
825 1754 1012 1837 indignari,
1026 1761 1074 1832 et,
1082 1773 1125 1818 ne
1136 1753 1279 1837 justam

323 1854 473 1918 bellandi
495 1873 637 1918 causam
657 1855 834 1919 temeritas
850 1853 1070 1932 deformaret,
1085 1854 1128 1918 ad
1144 1872 1278 1937 papum

321 1951 563 2019 Alexandrum
579 1954 719 2018 nuntios
733 1953 933 2030 destinavit,
947 1962 987 2019 ut
1002 1961 1202 2036 susceptum
1215 1973 1280 2018 ne·

324 2055 458 2136 gotium
480 2054 687 2119 anctoritate
713 2054 906 2138 apostolica
921 2053 1127 2118 firmaretur.
1170 2052 1280 2117 Unde

323 2173 428 2237 papa,
455 2152 681 2219 consideratis
712 2155 875 2237 utrinque
903 2152 1116 2237 litigantium
1145 2153 1279 2230 causis,

325 2253 493 2318 vexillum
521 2252 699 2319 Willelmo
729 2254 766 2318 in
798 2273 900 2319 omen
930 2252 1029 2336 regni
1061 2253 1278 2332 transmisit3

326 2373 395 2436 quo
418 2353 477 2417 ille
504 2360 659 2436 accepto,
686 2353 780 2437 apud
801 2347 1045 2418 ¹Lissebonam
1068 2359 1280 2417 conventum

326 2469 507 2535 procerum
538 2472 767 2535 congregem,
792 2452 1013 2536 superdicto
1041 2453 1181 2535 negotio
1206 2453 1280 2515 sin-

327 2553 487 2634 gulorum
515 2554 705 2617 sententias
734 2554 941 2636 requisivit3
978 2572 1126 2636 cumque
1155 2571 1279 2617 omnes

326 2672 547 2735 progressum
565 2653 640 2737 ejus
660 2655 796 2735 mugnis
818 2653 1102 2736 promissionibus
1124 2653 1278 2716 animas·

326 2761 417 2831 sent,
439 2754 490 2818 ita
509 2754 557 2817 ab.
573 2754 721 2817 invicem
744 2753 986 2831 discesserunt,
1008 2760 1049 2816 ut
1068 2770 1185 2815 mense
1200 2749 1280 2815 Au-

326 2854 420 2934 gusti
447 2852 491 2916 ad
511 2846 666 2936 ²portum
691 2853 804 2917 sancti
822 2851 987 2917 Walerici
1012 2871 1090 2916 cum
1115 2852 1214 2934 equis
1242 2859 1278 2915 et

327 2953 432 3015 armis
455 2953 692 3030 convenirent,
710 2972 806 3016 mare
827 2952 921 3016 illico
943 2952 1131 3016 transituri.
1184 2951 1281 3015 Con·

327 3053 481 3135 gregatis
499 3053 605 3135 igitur
626 3052 669 3116 ad
689 3053 871 3117 terminum
894 3052 1074 3134 praefixum
1094 3050 1281 3128 universis,

328 3152 412 3217 felix
433 3171 531 3229 aura,
548 3172 627 3234 quae
649 3153 729 3217 illos
748 3153 784 3216 in
801 3150 966 3234 Angliam
985 3150 1199 3227 transferret,
1216 3150 1280 3214 de·

327 3253 433 3333 iecit3
464 3252 536 3316 dux
567 3253 686 3335 itaque
719 3271 844 3335 corpus
873 3252 985 3316 sancti
1013 3250 1180 3316 Walerici
1212 3269 1281 3332 pro

327 3360 433 3416 vento
452 3351 668 3435 deprecando
688 3352 781 3416 foras
803 3351 935 3434 portari
949 3351 1058 3436 jussit
1078 3357 1114 3414 et
1133 3350 1198 3413 sub
1217 3349 1280 3415 dio

328 3452 460 3534 reponi,
486 3460 521 3515 et
543 3453 619 3516 sine
642 3471 739 3516 mora
763 3457 890 3516 ventus
916 3457 1056 3534 optatus
1081 3450 1160 3515 vela
1182 3450 1281 3513 sinu-

186 3596 200 3624 „
216 3595 246 3624 ..
328 3553 413 3615 avit.
466 3551 566 3616 Tunc
581 3571 710 3628 omnes,
726 3551 872 3614 navibus
887 3551 1064 3633 ingressio,
1080 3557 1160 3633 post
1175 3568 1283 3632 prau-

187 3646 211 3676 '⁸
269 3662 274 3674 ·
327 3651 422 3714 dium
439 3670 542 3714 cursu
556 3651 679 3734 rapido
692 3644 905 3732 ³Hastingas
921 3651 1141 3735 appulerunt.
1193 3649 1280 3713 Dux

328 3770 412 3816 vero
434 3749 631 3815 Willelmus
657 3751 692 3814 in
719 3770 865 3815 excessu
897 3751 997 3815 navis
1027 3750 1114 3834 pede
1144 3749 1282 3832 lapsuS,

364 3969 568 4034 munima]
597 3967 791 4030 ‘Lillebouem‚'
815 3967 897 4017 called
913 3967 940 4017 S.
956 3967 1061 4029 Valery,
1078 3980 1140 4015 neor
1157 3965 1271 4026 Dieppe.

328 4041 448 4093 Mulmsb.
485 4041 624 4104 Lillebone,
642 4053 699 4088 now
718 4037 789 4086 Hon·
850 4030 1187 4103 ’Hmingmppetemq
1205 4035 1281 4096 They

328 4113 398 4162 lleur.
815 4107 908 4157 lauded
925 4112 952 4157 ut
963 4109 1095 4169 Peveusey
1106 4121 1138 4157 ou
1155 4105 1284 4155 Michael-

363 4179 565 4231 ’Parammon'
577 4177 693 4229 walerici
698 4177 722 4242 ;]
731 4193 790 4226 now
816 4179 941 4240 masduy.
