<?xml version="1.0" encoding="UTF-8"?>
<!DOCTYPE html PUBLIC "-//W3C//DTD XHTML 1.0 Transitional//EN"
    "http://www.w3.org/TR/xhtml1/DTD/xhtml1-transitional.dtd">
<html xmlns="http://www.w3.org/1999/xhtml" xml:lang="en" lang="en">
 <head>
  <title>
</title>
<meta http-equiv="Content-Type" content="text/html;charset=utf-8" />
  <meta name='ocr-system' content='tesseract 3.04.00' />
  <meta name='ocr-capabilities' content='ocr_page ocr_carea ocr_par ocr_line ocrx_word'/>
</head>
<body>
  <div class='ocr_page' id='page_1' title='image "./rogeridewendove04rogegoog_0188.png"; bbox 0 0 2888 4852; ppageno 0'>
   <div class='ocr_carea' id='block_1_1' title="bbox 443 415 1134 479">
    <p class='ocr_par' dir='ltr' id='par_1_1' title="bbox 443 415 1134 479">
     <span class='ocr_line' id='line_1_1' title="bbox 443 415 1134 479; baseline 0.004 -3"><span class='ocrx_word' id='word_1_1' title='bbox 443 428 581 477; x_wconf 82' lang='lat' dir='ltr'><strong>rnonns</strong></span> <span class='ocrx_word' id='word_1_2' title='bbox 604 426 873 478; x_wconf 79' lang='lat' dir='ltr'><strong>nrsronmnuu.</strong></span> <span class='ocrx_word' id='word_1_3' title='bbox 1069 415 1134 479; x_wconf 80' lang='grc'><strong>145</strong></span> 
     </span>
    </p>
   </div>
   <div class='ocr_carea' id='block_1_2' title="bbox 175 582 1130 867">
    <p class='ocr_par' dir='ltr' id='par_1_2' title="bbox 175 582 1130 867">
     <span class='ocr_line' id='line_1_2' title="bbox 177 582 1130 671; baseline 0.007 -25"><span class='ocrx_word' id='word_1_4' title='bbox 177 582 308 647; x_wconf 85' lang='lat' dir='ltr'><strong>ciorum</strong></span> <span class='ocrx_word' id='word_1_5' title='bbox 323 592 439 667; x_wconf 76' lang='lat' dir='ltr'><strong>gente,</strong></span> <span class='ocrx_word' id='word_1_6' title='bbox 458 587 600 652; x_wconf 87' lang='lat' dir='ltr'><strong>verbum</strong></span> <span class='ocrx_word' id='word_1_7' title='bbox 618 587 684 653; x_wconf 87' lang='lat' dir='ltr'><strong>Dei</strong></span> <span class='ocrx_word' id='word_1_8' title='bbox 707 587 910 671; x_wconf 81' lang='lat' dir='ltr'><strong>praedicnre,</strong></span> <span class='ocrx_word' id='word_1_9' title='bbox 926 586 1060 670; x_wconf 90' lang='lat' dir='ltr'><strong>[dicens</strong></span> <span class='ocrx_word' id='word_1_10' title='bbox 1076 596 1130 653; x_wconf 84' lang='lat' dir='ltr'><strong>ts·</strong></span> 
     </span>
     <span class='ocr_line' id='line_1_3' title="bbox 176 682 1129 772; baseline 0.009 -27"><span class='ocrx_word' id='word_1_11' title='bbox 176 682 272 764; x_wconf 88' lang='lat' dir='ltr'><strong>meu]</strong></span> <span class='ocrx_word' id='word_1_12' title='bbox 289 702 367 750; x_wconf 84' lang='lat' dir='ltr'><strong>esse</strong></span> <span class='ocrx_word' id='word_1_13' title='bbox 381 686 523 751; x_wconf 87' lang='lat' dir='ltr'><strong>miseros</strong></span> <span class='ocrx_word' id='word_1_14' title='bbox 541 695 577 752; x_wconf 91' lang='lat' dir='ltr'><strong>et</strong></span> <span class='ocrx_word' id='word_1_15' title='bbox 591 688 873 764; x_wconf 90' lang='lat' dir='ltr'><strong>contemnendos,</strong></span> <span class='ocrx_word' id='word_1_16' title='bbox 888 689 948 772; x_wconf 90' lang='lat' dir='ltr'><strong>qui</strong></span> <span class='ocrx_word' id='word_1_17' title='bbox 963 689 1039 752; x_wconf 90' lang='lat' dir='ltr'><strong>Deo</strong></span> <span class='ocrx_word' id='word_1_18' title='bbox 1054 709 1129 768; x_wconf 91' lang='lat' dir='ltr'><strong>suo,</strong></span> 
     </span>
     <span class='ocr_line' id='line_1_4' title="bbox 175 780 981 867; baseline 0.006 -22"><span class='ocrx_word' id='word_1_19' title='bbox 175 780 329 867; x_wconf 84' lang='lat' dir='ltr'><strong>inquom</strong></span> <span class='ocrx_word' id='word_1_20' title='bbox 345 785 535 864; x_wconf 81' lang='lat' dir='ltr'><strong>crederent,</strong></span> <span class='ocrx_word' id='word_1_21' title='bbox 554 795 816 852; x_wconf 84' lang='lat' dir='ltr'><strong>contemnerent</strong></span> <span class='ocrx_word' id='word_1_22' title='bbox 830 787 981 852; x_wconf 87' lang='lat' dir='ltr'><strong>obedire.</strong></span> 
     </span>
    </p>
   </div>
   <div class='ocr_carea' id='block_1_3' title="bbox 409 954 884 1045">
    <p class='ocr_par' dir='ltr' id='par_1_3' title="bbox 409 954 884 1045">
     <span class='ocr_line' id='line_1_5' title="bbox 409 954 884 1045; baseline -0.004 -20"><span class='ocrx_word' id='word_1_23' title='bbox 409 954 473 1025; x_wconf 70' lang='lat'><strong>¹110</strong></span> <span class='ocrx_word' id='word_1_24' title='bbox 479 960 624 1045; x_wconf 73' lang='lat' dir='ltr'><strong>passione</strong></span> <span class='ocrx_word' id='word_1_25' title='bbox 637 961 738 1026; x_wconf 79' lang='lat' dir='ltr'><strong>sancti</strong></span> <span class='ocrx_word' id='word_1_26' title='bbox 756 959 884 1025; x_wconf 79' lang='lat' dir='ltr'><strong>oswini.</strong></span> 
     </span>
    </p>
   </div>
   <div class='ocr_carea' id='block_1_4' title="bbox 173 1079 1261 3664">
    <p class='ocr_par' dir='ltr' id='par_1_4' title="bbox 173 1079 1261 2847">
     <span class='ocr_line' id='line_1_6' title="bbox 224 1079 1249 1168; baseline -0.001 -22"><span class='ocrx_word' id='word_1_27' title='bbox 224 1079 331 1149; x_wconf 85' lang='lat' dir='ltr'><strong>Anno</strong></span> <span class='ocrx_word' id='word_1_28' title='bbox 342 1085 466 1167; x_wconf 76' lang='lat' dir='ltr'><strong>gretiae</strong></span> <span class='ocrx_word' id='word_1_29' title='bbox 480 1102 589 1162; x_wconf 72' lang='lat' dir='ltr'><strong>ocur„</strong></span> <span class='ocrx_word' id='word_1_30' title='bbox 601 1085 856 1168; x_wconf 85' lang='lat' dir='ltr'><strong>emergentibus</strong></span> <span class='ocrx_word' id='word_1_31' title='bbox 874 1084 1125 1148; x_wconf 85' lang='lat' dir='ltr'><strong>dissensionum</strong></span> <span class='ocrx_word' id='word_1_32' title='bbox 1140 1104 1194 1146; x_wconf 76' lang='lat' dir='ltr'><strong>nn.</strong></span> <span class='ocrx_word' id='word_1_33' title='bbox 1204 1107 1249 1146; x_wconf 75' lang='lat' dir='ltr'><strong>sn.</strong></span> 
     </span>
     <span class='ocr_line' id='line_1_7' title="bbox 174 1156 1261 1267; baseline 0 -20"><span class='ocrx_word' id='word_1_34' title='bbox 174 1181 290 1247; x_wconf 77' lang='lat' dir='ltr'><strong>causis</strong></span> <span class='ocrx_word' id='word_1_35' title='bbox 306 1185 398 1249; x_wconf 84' lang='lat' dir='ltr'><strong>inter</strong></span> <span class='ocrx_word' id='word_1_36' title='bbox 415 1204 513 1267; x_wconf 81' lang='lat' dir='ltr'><strong>reges</strong></span> <span class='ocrx_word' id='word_1_37' title='bbox 527 1185 711 1250; x_wconf 88' lang='lat' dir='ltr'><strong>Deirorum</strong></span> <span class='ocrx_word' id='word_1_38' title='bbox 731 1192 767 1249; x_wconf 88' lang='lat' dir='ltr'><strong>et</strong></span> <span class='ocrx_word' id='word_1_39' title='bbox 789 1185 1041 1261; x_wconf 88' lang='lat' dir='ltr'><strong>Berniciorum,</strong></span> <span class='ocrx_word' id='word_1_40' title='bbox 1060 1183 1127 1247; x_wconf 87' lang='lat' dir='ltr'><strong>Os·</strong></span> <span class='ocrx_word' id='word_1_41' title='bbox 1139 1156 1261 1248; x_wconf 53' lang='lat' dir='ltr'><strong>df&#39;d&#39;i&#39;id‘</strong></span> 
     </span>
     <span class='ocr_line' id='line_1_8' title="bbox 176 1282 1127 1367; baseline 0.001 -21"><span class='ocrx_word' id='word_1_42' title='bbox 176 1282 280 1347; x_wconf 83' lang='lat' dir='ltr'><strong>wiurn</strong></span> <span class='ocrx_word' id='word_1_43' title='bbox 295 1284 430 1349; x_wconf 89' lang='lat' dir='ltr'><strong>scilicet</strong></span> <span class='ocrx_word' id='word_1_44' title='bbox 451 1293 488 1349; x_wconf 88' lang='lat' dir='ltr'><strong>et</strong></span> <span class='ocrx_word' id='word_1_45' title='bbox 501 1284 693 1361; x_wconf 85' lang='lat' dir='ltr'><strong>Oswinum,</strong></span> <span class='ocrx_word' id='word_1_46' title='bbox 709 1292 1009 1367; x_wconf 81' lang='lat' dir='ltr'><strong>congregaverunt</strong></span> <span class='ocrx_word' id='word_1_47' title='bbox 1026 1304 1127 1347; x_wconf 83' lang='lat' dir='ltr'><strong>exer-</strong></span> 
     </span>
     <span class='ocr_line' id='line_1_9' title="bbox 174 1382 1126 1468; baseline 0.001 -22"><span class='ocrx_word' id='word_1_48' title='bbox 174 1382 282 1447; x_wconf 88' lang='lat' dir='ltr'><strong>citum</strong></span> <span class='ocrx_word' id='word_1_49' title='bbox 299 1384 437 1468; x_wconf 88' lang='lat' dir='ltr'><strong>utrique</strong></span> <span class='ocrx_word' id='word_1_50' title='bbox 449 1403 513 1467; x_wconf 89' lang='lat' dir='ltr'><strong>pro</strong></span> <span class='ocrx_word' id='word_1_51' title='bbox 531 1385 663 1448; x_wconf 85' lang='lat' dir='ltr'><strong>viribus</strong></span> <span class='ocrx_word' id='word_1_52' title='bbox 685 1383 729 1447; x_wconf 84' lang='lat' dir='ltr'><strong>ad</strong></span> <span class='ocrx_word' id='word_1_53' title='bbox 746 1393 920 1449; x_wconf 82' lang='lat' dir='ltr'><strong>certamen</strong></span> <span class='ocrx_word' id='word_1_54' title='bbox 934 1404 943 1463; x_wconf 90' lang='lat'>;</span> <span class='ocrx_word' id='word_1_55' title='bbox 970 1383 1031 1447; x_wconf 87' lang='lat' dir='ltr'><strong>sed</strong></span> <span class='ocrx_word' id='word_1_56' title='bbox 1047 1403 1126 1447; x_wconf 87' lang='lat' dir='ltr'><strong>cum</strong></span> 
     </span>
     <span class='ocr_line' id='line_1_10' title="bbox 174 1477 1125 1566; baseline -0.002 -19"><span class='ocrx_word' id='word_1_57' title='bbox 174 1484 454 1566; x_wconf 78' lang='lat' dir='ltr'><strong>essentpnnlinm</strong></span> <span class='ocrx_word' id='word_1_58' title='bbox 463 1477 1125 1566; x_wconf 59' lang='lat' dir='ltr'><strong>commissuri,inlnco,qui”wilfares-</strong></span> 
     </span>
     <span class='ocr_line' id='line_1_11' title="bbox 173 1581 1126 1667; baseline 0.001 -22"><span class='ocrx_word' id='word_1_59' title='bbox 173 1581 281 1647; x_wconf 87' lang='lat' dir='ltr'><strong>dune’</strong></span> <span class='ocrx_word' id='word_1_60' title='bbox 293 1584 502 1667; x_wconf 77' lang='lat' dir='ltr'><strong>appellatur,</strong></span> <span class='ocrx_word' id='word_1_61' title='bbox 516 1584 639 1649; x_wconf 85' lang='lat' dir='ltr'><strong>videns</strong></span> <span class='ocrx_word' id='word_1_62' title='bbox 656 1583 820 1648; x_wconf 86' lang='lat' dir='ltr'><strong>Oswinus</strong></span> <span class='ocrx_word' id='word_1_63' title='bbox 835 1603 872 1647; x_wconf 89' lang='lat' dir='ltr'><strong>se</strong></span> <span class='ocrx_word' id='word_1_64' title='bbox 893 1584 1059 1667; x_wconf 84' lang='lat' dir='ltr'><strong>imparem</strong></span> <span class='ocrx_word' id='word_1_65' title='bbox 1075 1584 1126 1647; x_wconf 91' lang='lat' dir='ltr'><strong>vi-</strong></span> 
     </span>
     <span class='ocr_line' id='line_1_12' title="bbox 176 1682 1123 1765; baseline 0.002 -20"><span class='ocrx_word' id='word_1_66' title='bbox 176 1682 271 1746; x_wconf 88' lang='lat' dir='ltr'><strong>ribus</strong></span> <span class='ocrx_word' id='word_1_67' title='bbox 296 1683 438 1760; x_wconf 88' lang='lat' dir='ltr'><strong>inimici,</strong></span> <span class='ocrx_word' id='word_1_68' title='bbox 464 1683 597 1749; x_wconf 85' lang='lat' dir='ltr'><strong>remisit</strong></span> <span class='ocrx_word' id='word_1_69' title='bbox 619 1684 810 1748; x_wconf 82' lang='lat' dir='ltr'><strong>exercitum</strong></span> <span class='ocrx_word' id='word_1_70' title='bbox 837 1702 938 1765; x_wconf 92' lang='lat' dir='ltr'><strong>quem</strong></span> <span class='ocrx_word' id='word_1_71' title='bbox 967 1683 1123 1765; x_wconf 81' lang='lat' dir='ltr'><strong>regebat,</strong></span> 
     </span>
     <span class='ocr_line' id='line_1_13' title="bbox 174 1781 1123 1866; baseline 0 -20"><span class='ocrx_word' id='word_1_72' title='bbox 174 1800 215 1846; x_wconf 85' lang='lat' dir='ltr'><strong>uc</strong></span> <span class='ocrx_word' id='word_1_73' title='bbox 243 1783 402 1848; x_wconf 88' lang='lat' dir='ltr'><strong>omnibus</strong></span> <span class='ocrx_word' id='word_1_74' title='bbox 429 1783 568 1849; x_wconf 90' lang='lat' dir='ltr'><strong>domum</strong></span> <span class='ocrx_word' id='word_1_75' title='bbox 591 1783 709 1847; x_wconf 87' lang='lat' dir='ltr'><strong>&#39;redire</strong></span> <span class='ocrx_word' id='word_1_76' title='bbox 739 1783 917 1866; x_wconf 87' lang='lat' dir='ltr'><strong>praecepit,</strong></span> <span class='ocrx_word' id='word_1_77' title='bbox 947 1781 1123 1847; x_wconf 89' lang='lat' dir='ltr'><strong>divertens</strong></span> 
     </span>
     <span class='ocr_line' id='line_1_14' title="bbox 174 1881 1123 1965; baseline 0.002 -20"><span class='ocrx_word' id='word_1_78' title='bbox 174 1881 249 1965; x_wconf 85' lang='lat' dir='ltr'><strong>ipse</strong></span> <span class='ocrx_word' id='word_1_79' title='bbox 273 1902 352 1947; x_wconf 90' lang='lat' dir='ltr'><strong>cnm</strong></span> <span class='ocrx_word' id='word_1_80' title='bbox 378 1904 449 1948; x_wconf 90' lang='lat' dir='ltr'><strong>nno</strong></span> <span class='ocrx_word' id='word_1_81' title='bbox 476 1885 551 1949; x_wconf 91' lang='lat' dir='ltr'><strong>solo</strong></span> <span class='ocrx_word' id='word_1_82' title='bbox 582 1883 704 1960; x_wconf 88' lang='lat' dir='ltr'><strong>milite,</strong></span> <span class='ocrx_word' id='word_1_83' title='bbox 726 1883 888 1947; x_wconf 86' lang='lat' dir='ltr'><strong>Tonhero</strong></span> <span class='ocrx_word' id='word_1_84' title='bbox 914 1883 1064 1960; x_wconf 90' lang='lat' dir='ltr'><strong>nomine,</strong></span> <span class='ocrx_word' id='word_1_85' title='bbox 1088 1882 1123 1947; x_wconf 89' lang='lat' dir='ltr'><strong>iu</strong></span> 
     </span>
     <span class='ocr_line' id='line_1_15' title="bbox 173 1981 1123 2059; baseline 0 -13"><span class='ocrx_word' id='word_1_86' title='bbox 173 1982 275 2047; x_wconf 87' lang='lat' dir='ltr'><strong>domo</strong></span> <span class='ocrx_word' id='word_1_87' title='bbox 290 1984 427 2050; x_wconf 88' lang='lat' dir='ltr'><strong>comitis</strong></span> <span class='ocrx_word' id='word_1_88' title='bbox 443 1983 634 2048; x_wconf 79' lang='lat' dir='ltr'><strong>Hnnwaldi</strong></span> <span class='ocrx_word' id='word_1_89' title='bbox 650 1983 716 2047; x_wconf 88' lang='lat' dir='ltr'><strong>sibi</strong></span> <span class='ocrx_word' id='word_1_90' title='bbox 729 1982 939 2059; x_wconf 84' lang='lat' dir='ltr'><strong>amicissimi,</strong></span> <span class='ocrx_word' id='word_1_91' title='bbox 952 1991 991 2047; x_wconf 89' lang='lat' dir='ltr'><strong>ut</strong></span> <span class='ocrx_word' id='word_1_92' title='bbox 1006 1981 1123 2046; x_wconf 92' lang='lat' dir='ltr'><strong>crede-</strong></span> 
     </span>
     <span class='ocr_line' id='line_1_16' title="bbox 174 2082 1122 2168; baseline 0.001 -21"><span class='ocrx_word' id='word_1_93' title='bbox 174 2082 255 2163; x_wconf 78' lang='lat' dir='ltr'><strong>but3</strong></span> <span class='ocrx_word' id='word_1_94' title='bbox 277 2084 339 2149; x_wconf 89' lang='lat' dir='ltr'><strong>sed</strong></span> <span class='ocrx_word' id='word_1_95' title='bbox 354 2085 457 2168; x_wconf 81' lang='lat' dir='ltr'><strong>longe</strong></span> <span class='ocrx_word' id='word_1_96' title='bbox 475 2085 577 2150; x_wconf 72' lang='lat' dir='ltr'><strong>aliter</strong></span> <span class='ocrx_word' id='word_1_97' title='bbox 589 2092 677 2161; x_wconf 86' lang='lat' dir='ltr'><strong>erut,</strong></span> <span class='ocrx_word' id='word_1_98' title='bbox 700 2104 780 2147; x_wconf 81' lang='lat' dir='ltr'><strong>num</strong></span> <span class='ocrx_word' id='word_1_99' title='bbox 794 2082 976 2147; x_wconf 84' lang='lat' dir='ltr'><strong>abeodem</strong></span> <span class='ocrx_word' id='word_1_100' title='bbox 997 2083 1122 2147; x_wconf 89' lang='lat' dir='ltr'><strong>comite</strong></span> 
     </span>
     <span class='ocr_line' id='line_1_17' title="bbox 175 2180 1121 2267; baseline -0.004 -19"><span class='ocrx_word' id='word_1_101' title='bbox 175 2183 344 2265; x_wconf 87' lang='lat' dir='ltr'><strong>proditus,</strong></span> <span class='ocrx_word' id='word_1_102' title='bbox 360 2183 455 2248; x_wconf 85' lang='lat' dir='ltr'><strong>misit</strong></span> <span class='ocrx_word' id='word_1_103' title='bbox 468 2183 607 2249; x_wconf 87' lang='lat' dir='ltr'><strong>Oswius</strong></span> <span class='ocrx_word' id='word_1_104' title='bbox 621 2184 845 2267; x_wconf 78' lang='lat' dir='ltr'><strong>praepositum</strong></span> <span class='ocrx_word' id='word_1_105' title='bbox 861 2202 961 2246; x_wconf 90' lang='lat' dir='ltr'><strong>suum</strong></span> <span class='ocrx_word' id='word_1_106' title='bbox 977 2180 1121 2247; x_wconf 83' lang='lat' dir='ltr'><strong>Aethel-</strong></span> 
     </span>
     <span class='ocr_line' id='line_1_18' title="bbox 174 2266 1236 2388; baseline -0.002 -41"><span class='ocrx_word' id='word_1_107' title='bbox 174 2283 302 2347; x_wconf 79' lang='lat' dir='ltr'><strong>ninum</strong></span> <span class='ocrx_word' id='word_1_108' title='bbox 331 2293 370 2348; x_wconf 88' lang='lat' dir='ltr'><strong>nt</strong></span> <span class='ocrx_word' id='word_1_109' title='bbox 402 2303 517 2366; x_wconf 76' lang='lat' dir='ltr'><strong>regem</strong></span> <span class='ocrx_word' id='word_1_110' title='bbox 553 2283 759 2366; x_wconf 81' lang='lat' dir='ltr'><strong>perimeret3</strong></span> <span class='ocrx_word' id='word_1_111' title='bbox 798 2266 897 2367; x_wconf 86' lang='lat' dir='ltr'><strong>cujus</strong></span> <span class='ocrx_word' id='word_1_112' title='bbox 934 2282 1120 2346; x_wconf 82' lang='lat' dir='ltr'><strong>adventum</strong></span> <span class='ocrx_word' id='word_1_113' title='bbox 1134 2297 1236 2388; x_wconf 53' lang='lat' dir='ltr'><strong>mor</strong></span> 
     </span>
     <span class='ocr_line' id='line_1_19' title="bbox 176 2375 1213 2466; baseline -0.004 -19"><span class='ocrx_word' id='word_1_114' title='bbox 176 2382 340 2448; x_wconf 86' lang='lat' dir='ltr'><strong>0swiuus</strong></span> <span class='ocrx_word' id='word_1_115' title='bbox 353 2402 430 2447; x_wconf 91' lang='lat' dir='ltr'><strong>cum</strong></span> <span class='ocrx_word' id='word_1_116' title='bbox 447 2383 680 2466; x_wconf 83' lang='lat' dir='ltr'><strong>cognovisset,</strong></span> <span class='ocrx_word' id='word_1_117' title='bbox 697 2383 808 2448; x_wconf 86' lang='lat' dir='ltr'><strong>exivit</strong></span> <span class='ocrx_word' id='word_1_118' title='bbox 822 2381 986 2446; x_wconf 92' lang='lat' dir='ltr'><strong>continuo</strong></span> <span class='ocrx_word' id='word_1_119' title='bbox 1000 2401 1121 2445; x_wconf 87' lang='lat' dir='ltr'><strong>occur·</strong></span> <span class='ocrx_word' id='word_1_120' title='bbox 1208 2375 1213 2386; x_wconf 82' lang='grc'><em>“</em></span> 
     </span>
     <span class='ocr_line' id='line_1_20' title="bbox 175 2481 1123 2566; baseline -0.003 -19"><span class='ocrx_word' id='word_1_121' title='bbox 175 2502 254 2547; x_wconf 83' lang='lat' dir='ltr'><strong>rens</strong></span> <span class='ocrx_word' id='word_1_122' title='bbox 281 2482 408 2565; x_wconf 79' lang='lat' dir='ltr'><strong>gladiis</strong></span> <span class='ocrx_word' id='word_1_123' title='bbox 436 2483 645 2566; x_wconf 90' lang='lat' dir='ltr'><strong>iniquorum,</strong></span> <span class='ocrx_word' id='word_1_124' title='bbox 678 2482 714 2545; x_wconf 91' lang='lat' dir='ltr'><strong>in</strong></span> <span class='ocrx_word' id='word_1_125' title='bbox 740 2501 841 2565; x_wconf 90' lang='lat' dir='ltr'><strong>quem</strong></span> <span class='ocrx_word' id='word_1_126' title='bbox 866 2481 1004 2545; x_wconf 84' lang='lat' dir='ltr'><strong>lictores</strong></span> <span class='ocrx_word' id='word_1_127' title='bbox 1034 2481 1123 2544; x_wconf 89' lang='lat' dir='ltr'><strong>irru-</strong></span> 
     </span>
     <span class='ocr_line' id='line_1_21' title="bbox 175 2580 1123 2662; baseline -0.004 -15"><span class='ocrx_word' id='word_1_128' title='bbox 175 2591 285 2660; x_wconf 86' lang='lat' dir='ltr'><strong>entes,</strong></span> <span class='ocrx_word' id='word_1_129' title='bbox 301 2601 370 2646; x_wconf 86' lang='lat' dir='ltr'><strong>unu</strong></span> <span class='ocrx_word' id='word_1_130' title='bbox 391 2601 469 2646; x_wconf 93' lang='lat' dir='ltr'><strong>cum</strong></span> <span class='ocrx_word' id='word_1_131' title='bbox 498 2582 607 2646; x_wconf 90' lang='lat' dir='ltr'><strong>milite</strong></span> <span class='ocrx_word' id='word_1_132' title='bbox 629 2600 705 2657; x_wconf 91' lang='lat' dir='ltr'><strong>suo,</strong></span> <span class='ocrx_word' id='word_1_133' title='bbox 730 2582 765 2644; x_wconf 92' lang='lat' dir='ltr'><strong>in</strong></span> <span class='ocrx_word' id='word_1_134' title='bbox 792 2582 882 2658; x_wconf 91' lang='lat' dir='ltr'><strong>loco,</strong></span> <span class='ocrx_word' id='word_1_135' title='bbox 910 2581 968 2662; x_wconf 89' lang='lat' dir='ltr'><strong>qui</strong></span> <span class='ocrx_word' id='word_1_136' title='bbox 996 2580 1123 2645; x_wconf 89' lang='lat' dir='ltr'><strong>dicitur</strong></span> 
     </span>
     <span class='ocr_line' id='line_1_22' title="bbox 173 2676 1121 2765; baseline -0.004 -18"><span class='ocrx_word' id='word_1_137' title='bbox 173 2676 478 2765; x_wconf 74' lang='lat' dir='ltr'><strong>³‘1ngetlingum,&#39;</strong></span> <span class='ocrx_word' id='word_1_138' title='bbox 495 2690 605 2747; x_wconf 88' lang='lat' dir='ltr'><strong>morte</strong></span> <span class='ocrx_word' id='word_1_139' title='bbox 630 2681 789 2746; x_wconf 90' lang='lat' dir='ltr'><strong>omnibus</strong></span> <span class='ocrx_word' id='word_1_140' title='bbox 816 2680 1021 2745; x_wconf 79' lang='lat' dir='ltr'><strong>detestande</strong></span> <span class='ocrx_word' id='word_1_141' title='bbox 1043 2700 1121 2763; x_wconf 91' lang='lat' dir='ltr'><strong>per·</strong></span> 
     </span>
     <span class='ocr_line' id='line_1_23' title="bbox 173 2789 342 2847; baseline 0 0"><span class='ocrx_word' id='word_1_142' title='bbox 173 2789 342 2847; x_wconf 87' lang='lat' dir='ltr'><strong>emerunt.</strong></span> 
     </span>
    </p>

    <p class='ocr_par' dir='ltr' id='par_1_5' title="bbox 173 2879 1123 3664">
     <span class='ocr_line' id='line_1_24' title="bbox 223 2879 1121 2965; baseline -0.004 -18"><span class='ocrx_word' id='word_1_143' title='bbox 223 2882 282 2948; x_wconf 89' lang='lat' dir='ltr'><strong>Sic</strong></span> <span class='ocrx_word' id='word_1_144' title='bbox 303 2882 422 2965; x_wconf 86' lang='lat' dir='ltr'><strong>ituque</strong></span> <span class='ocrx_word' id='word_1_145' title='bbox 438 2881 612 2957; x_wconf 84' lang='lat' dir='ltr'><strong>0swinus,</strong></span> <span class='ocrx_word' id='word_1_146' title='bbox 635 2880 831 2964; x_wconf 82' lang='lat' dir='ltr'><strong>exemplum</strong></span> <span class='ocrx_word' id='word_1_147' title='bbox 852 2879 1044 2944; x_wconf 83' lang='lat' dir='ltr'><strong>Salvatoris</strong></span> <span class='ocrx_word' id='word_1_148' title='bbox 1067 2880 1121 2943; x_wconf 92' lang='lat' dir='ltr'><strong>in·</strong></span> 
     </span>
     <span class='ocr_line' id='line_1_25' title="bbox 173 2979 1121 3065; baseline -0.004 -19"><span class='ocrx_word' id='word_1_149' title='bbox 173 2990 326 3059; x_wconf 89' lang='lat' dir='ltr'><strong>secutus,</strong></span> <span class='ocrx_word' id='word_1_150' title='bbox 349 2982 431 3046; x_wconf 94' lang='lat' dir='ltr'><strong>dum</strong></span> <span class='ocrx_word' id='word_1_151' title='bbox 452 2982 497 3046; x_wconf 84' lang='lat' dir='ltr'><strong>ud</strong></span> <span class='ocrx_word' id='word_1_152' title='bbox 517 2980 710 3065; x_wconf 74' lang='lat' dir='ltr'><strong>passionem</strong></span> <span class='ocrx_word' id='word_1_153' title='bbox 734 2999 924 3064; x_wconf 83' lang='lat' dir='ltr'><strong>properans</strong></span> <span class='ocrx_word' id='word_1_154' title='bbox 949 2998 971 3042; x_wconf 86' lang='lat' dir='ltr'>a</span> <span class='ocrx_word' id='word_1_155' title='bbox 985 2979 1009 3044; x_wconf 87' lang='lat' dir='ltr'>J</span> <span class='ocrx_word' id='word_1_156' title='bbox 1011 2979 1121 3043; x_wconf 87' lang='lat' dir='ltr'><strong>udaeis</strong></span> 
     </span>
     <span class='ocr_line' id='line_1_26' title="bbox 173 3081 1118 3167; baseline -0.006 -20"><span class='ocrx_word' id='word_1_157' title='bbox 173 3090 387 3167; x_wconf 64' lang='lat' dir='ltr'><strong>quereretur</strong></span> <span class='ocrx_word' id='word_1_158' title='bbox 408 3088 447 3146; x_wconf 90' lang='lat' dir='ltr'><strong>nt</strong></span> <span class='ocrx_word' id='word_1_159' title='bbox 468 3081 737 3162; x_wconf 79' lang='lat' dir='ltr'><strong>crucifigeretur,</strong></span> <span class='ocrx_word' id='word_1_160' title='bbox 761 3082 847 3162; x_wconf 88' lang='lat' dir='ltr'><strong>ipse,</strong></span> <span class='ocrx_word' id='word_1_161' title='bbox 864 3099 966 3164; x_wconf 91' lang='lat' dir='ltr'><strong>quem</strong></span> <span class='ocrx_word' id='word_1_162' title='bbox 986 3098 1118 3162; x_wconf 85' lang='lat' dir='ltr'><strong>qusere·</strong></span> 
     </span>
     <span class='ocr_line' id='line_1_27' title="bbox 173 3177 1121 3264; baseline -0.003 -18"><span class='ocrx_word' id='word_1_163' title='bbox 173 3190 262 3260; x_wconf 90' lang='lat' dir='ltr'><strong>rent,</strong></span> <span class='ocrx_word' id='word_1_164' title='bbox 277 3188 536 3264; x_wconf 83' lang='lat' dir='ltr'><strong>percunctatur,</strong></span> <span class='ocrx_word' id='word_1_165' title='bbox 557 3181 845 3263; x_wconf 86' lang='lat' dir='ltr'><strong>respondentibus</strong></span> <span class='ocrx_word' id='word_1_166' title='bbox 868 3179 936 3242; x_wconf 90' lang='lat' dir='ltr'><strong>illis</strong></span> <span class='ocrx_word' id='word_1_167' title='bbox 951 3178 1043 3261; x_wconf 90' lang='lat' dir='ltr'><strong>quod</strong></span> <span class='ocrx_word' id='word_1_168' title='bbox 1059 3177 1083 3242; x_wconf 87' lang='lat' dir='ltr'>J</span> <span class='ocrx_word' id='word_1_169' title='bbox 1085 3199 1121 3243; x_wconf 91' lang='lat' dir='ltr'><strong>e·</strong></span> 
     </span>
     <span class='ocr_line' id='line_1_28' title="bbox 173 3278 1122 3366; baseline -0.004 -21"><span class='ocrx_word' id='word_1_170' title='bbox 173 3300 248 3345; x_wconf 84' lang='lat' dir='ltr'><strong>sum</strong></span> <span class='ocrx_word' id='word_1_171' title='bbox 264 3289 461 3366; x_wconf 85' lang='lat' dir='ltr'><strong>quaerereut</strong></span> <span class='ocrx_word' id='word_1_172' title='bbox 478 3281 710 3357; x_wconf 81' lang='lat' dir='ltr'><strong>Nazarenum,</strong></span> <span class='ocrx_word' id='word_1_173' title='bbox 730 3281 791 3358; x_wconf 85' lang='lat' dir='ltr'><strong>eit,</strong></span> <span class='ocrx_word' id='word_1_174' title='bbox 805 3278 863 3343; x_wconf 90' lang='lat' dir='ltr'><strong>‘Si</strong></span> <span class='ocrx_word' id='word_1_175' title='bbox 880 3299 936 3342; x_wconf 91' lang='lat' dir='ltr'><strong>me</strong></span> <span class='ocrx_word' id='word_1_176' title='bbox 954 3278 1122 3360; x_wconf 87' lang='lat' dir='ltr'><strong>quaeritis,</strong></span> 
     </span>
     <span class='ocr_line' id='line_1_29' title="bbox 173 3377 1123 3464; baseline -0.002 -20"><span class='ocrx_word' id='word_1_177' title='bbox 173 3381 274 3446; x_wconf 89' lang='lat' dir='ltr'><strong>sinite</strong></span> <span class='ocrx_word' id='word_1_178' title='bbox 302 3381 366 3445; x_wconf 87' lang='lat' dir='ltr'><strong>hos</strong></span> <span class='ocrx_word' id='word_1_179' title='bbox 393 3381 512 3458; x_wconf 81' lang='lat' dir='ltr'><strong>abire,&#39;</strong></span> <span class='ocrx_word' id='word_1_180' title='bbox 534 3380 722 3464; x_wconf 88' lang='lat' dir='ltr'><strong>discipulos</strong></span> <span class='ocrx_word' id='word_1_181' title='bbox 743 3382 885 3444; x_wconf 90' lang='lat' dir='ltr'><strong>innuere</strong></span> <span class='ocrx_word' id='word_1_182' title='bbox 911 3377 1043 3455; x_wconf 90' lang='lat' dir='ltr'><strong>volens,</strong></span> <span class='ocrx_word' id='word_1_183' title='bbox 1066 3398 1123 3442; x_wconf 91' lang='lat' dir='ltr'><strong>so-</strong></span> 
     </span>
     <span class='ocr_line' id='line_1_30' title="bbox 173 3478 1120 3562; baseline -0.003 -17"><span class='ocrx_word' id='word_1_184' title='bbox 173 3480 227 3545; x_wconf 92' lang='lat' dir='ltr'><strong>lus</strong></span> <span class='ocrx_word' id='word_1_185' title='bbox 262 3481 354 3546; x_wconf 89' lang='lat' dir='ltr'><strong>enim</strong></span> <span class='ocrx_word' id='word_1_186' title='bbox 392 3478 583 3545; x_wconf 83' lang='lat' dir='ltr'><strong>sufficiebat</strong></span> <span class='ocrx_word' id='word_1_187' title='bbox 611 3480 654 3544; x_wconf 82' lang='lat' dir='ltr'><strong>ad</strong></span> <span class='ocrx_word' id='word_1_188' title='bbox 692 3479 959 3562; x_wconf 88' lang='lat' dir='ltr'><strong>redemptionem</strong></span> <span class='ocrx_word' id='word_1_189' title='bbox 990 3479 1120 3542; x_wconf 90' lang='lat' dir='ltr'><strong>muudi.</strong></span> 
     </span>
     <span class='ocr_line' id='line_1_31' title="bbox 176 3577 1121 3664; baseline -0.005 -19"><span class='ocrx_word' id='word_1_190' title='bbox 176 3579 255 3645; x_wconf 90' lang='lat' dir='ltr'><strong>Hoc</strong></span> <span class='ocrx_word' id='word_1_191' title='bbox 282 3580 454 3664; x_wconf 83' lang='lat' dir='ltr'><strong>exemplo,</strong></span> <span class='ocrx_word' id='word_1_192' title='bbox 471 3587 511 3644; x_wconf 92' lang='lat' dir='ltr'><strong>ut</strong></span> <span class='ocrx_word' id='word_1_193' title='bbox 534 3580 664 3645; x_wconf 90' lang='lat' dir='ltr'><strong>dictum</strong></span> <span class='ocrx_word' id='word_1_194' title='bbox 689 3587 754 3656; x_wconf 90' lang='lat' dir='ltr'><strong>est,</strong></span> <span class='ocrx_word' id='word_1_195' title='bbox 772 3580 944 3643; x_wconf 84' lang='lat' dir='ltr'><strong>animatus</strong></span> <span class='ocrx_word' id='word_1_196' title='bbox 959 3577 1121 3642; x_wconf 85' lang='lat' dir='ltr'><strong>Oswinus</strong></span> 
     </span>
    </p>
   </div>
   <div class='ocr_carea' id='block_1_5' title="bbox 172 3808 1123 4296">
    <p class='ocr_par' dir='ltr' id='par_1_6' title="bbox 172 3808 1122 4019">
     <span class='ocr_line' id='line_1_32' title="bbox 209 3808 1121 3883; baseline -0.002 -19"><span class='ocrx_word' id='word_1_197' title='bbox 209 3813 269 3865; x_wconf 79' lang='lat' dir='ltr'><strong>&#39;De</strong></span> <span class='ocrx_word' id='word_1_198' title='bbox 285 3812 396 3879; x_wconf 73' lang='lat' dir='ltr'><strong>possim</strong></span> <span class='ocrx_word' id='word_1_199' title='bbox 415 3813 495 3863; x_wconf 70' lang='lat' dir='ltr'><strong>uncti</strong></span> <span class='ocrx_word' id='word_1_200' title='bbox 515 3808 633 3883; x_wconf 69' lang='lat' dir='ltr'><strong>Orsini]</strong></span> <span class='ocrx_word' id='word_1_201' title='bbox 659 3812 864 3875; x_wconf 85' lang='lat' dir='ltr'><strong>supposedtobe</strong></span> <span class='ocrx_word' id='word_1_202' title='bbox 877 3810 1006 3862; x_wconf 85' lang='lat' dir='ltr'><strong>Gutterich</strong></span> <span class='ocrx_word' id='word_1_203' title='bbox 1017 3811 1121 3875; x_wconf 78' lang='lat' dir='ltr'><strong>Bridge.</strong></span> 
     </span>
     <span class='ocr_line' id='line_1_33' title="bbox 172 3881 1051 3946; baseline -0.003 -12"><span class='ocrx_word' id='word_1_204' title='bbox 172 3884 227 3935; x_wconf 75' lang='lat' dir='ltr'><strong>&#39;nse</strong></span> <span class='ocrx_word' id='word_1_205' title='bbox 247 3888 358 3935; x_wconf 71' lang='lat' dir='ltr'><strong>comunt</strong></span> <span class='ocrx_word' id='word_1_206' title='bbox 373 3882 403 3933; x_wconf 81' lang='lat' dir='ltr'><strong>oi</strong></span> <span class='ocrx_word' id='word_1_207' title='bbox 420 3882 464 3933; x_wconf 82' lang='lat' dir='ltr'><strong>the</strong></span> <span class='ocrx_word' id='word_1_208' title='bbox 485 3883 587 3946; x_wconf 72' lang='lat' dir='ltr'><strong>passim</strong></span> <span class='ocrx_word' id='word_1_209' title='bbox 609 3882 638 3933; x_wconf 81' lang='lat' dir='ltr'><strong>ot</strong></span> <span class='ocrx_word' id='word_1_210' title='bbox 660 3881 745 3941; x_wconf 81' lang='lat' dir='ltr'><strong>Ibid.,·</strong></span> <span class='ocrx_word' id='word_1_211' title='bbox 762 3897 805 3932; x_wconf 84' lang='lat' dir='ltr'><strong>see</strong></span> <span class='ocrx_word' id='word_1_212' title='bbox 816 3881 905 3932; x_wconf 82' lang='lat' dir='ltr'><strong>Cnmd.</strong></span> <span class='ocrx_word' id='word_1_213' title='bbox 916 3881 944 3932; x_wconf 91' lang='lat' dir='ltr'><strong>ii.</strong></span> <span class='ocrx_word' id='word_1_214' title='bbox 956 3896 983 3943; x_wconf 91' lang='lat' dir='ltr'><strong>p.</strong></span> <span class='ocrx_word' id='word_1_215' title='bbox 997 3884 1051 3931; x_wconf 77' lang='lat'>120.</span> 
     </span>
     <span class='ocr_line' id='line_1_34' title="bbox 173 3950 1122 4019; baseline -0.007 -14"><span class='ocrx_word' id='word_1_216' title='bbox 173 3952 370 4005; x_wconf 76' lang='lat' dir='ltr'><strong>oswiutsirom</strong></span> <span class='ocrx_word' id='word_1_217' title='bbox 382 3952 463 4016; x_wconf 66' lang='lat' dir='ltr'><strong>Beda,</strong></span> <span class='ocrx_word' id='word_1_218' title='bbox 478 3950 635 4019; x_wconf 73' lang='lat' dir='ltr'><strong>§188,oeqq.</strong></span> <span class='ocrx_word' id='word_1_219' title='bbox 695 3950 707 3984; x_wconf 80' lang='lat'>⁸</span> <span class='ocrx_word' id='word_1_220' title='bbox 728 3951 932 4015; x_wconf 61' lang='lat' dir='ltr'><strong>legationem]</strong></span> <span class='ocrx_word' id='word_1_221' title='bbox 969 3951 1036 3999; x_wconf 86' lang='lat' dir='ltr'><strong>Now</strong></span> <span class='ocrx_word' id='word_1_222' title='bbox 1064 3950 1122 4000; x_wconf 86' lang='lat' dir='ltr'><strong>Gii-</strong></span> 
     </span>
    </p>

    <p class='ocr_par' dir='ltr' id='par_1_7' title="bbox 659 4020 1121 4085">
     <span class='ocr_line' id='line_1_35' title="bbox 659 4020 1121 4085; baseline -0.009 -14"><span class='ocrx_word' id='word_1_223' title='bbox 659 4020 722 4085; x_wconf 75' lang='lat' dir='ltr'><strong>ling,</strong></span> <span class='ocrx_word' id='word_1_224' title='bbox 744 4036 773 4071; x_wconf 87' lang='lat' dir='ltr'><strong>or</strong></span> <span class='ocrx_word' id='word_1_225' title='bbox 794 4021 904 4083; x_wconf 73' lang='lat' dir='ltr'><strong>Yediug,</strong></span> <span class='ocrx_word' id='word_1_226' title='bbox 931 4020 1067 4080; x_wconf 73' lang='lat' dir='ltr'><strong>according</strong></span> <span class='ocrx_word' id='word_1_227' title='bbox 1096 4024 1121 4067; x_wconf 89' lang='lat' dir='ltr'><strong>to</strong></span> 
     </span>
    </p>

    <p class='ocr_par' dir='ltr' id='par_1_8' title="bbox 208 4088 1123 4157">
     <span class='ocr_line' id='line_1_36' title="bbox 208 4088 1123 4157; baseline -0.01 -13"><span class='ocrx_word' id='word_1_228' title='bbox 208 4091 220 4127; x_wconf 81' lang='lat'><strong>¹</strong></span> <span class='ocrx_word' id='word_1_229' title='bbox 244 4092 458 4157; x_wconf 55' lang='lat' dir='ltr'><strong>Willumdsned</strong></span> <span class='ocrx_word' id='word_1_230' title='bbox 493 4091 567 4141; x_wconf 78' lang='lat' dir='ltr'><strong>Beda</strong></span> <span class='ocrx_word' id='word_1_231' title='bbox 592 4092 637 4140; x_wconf 87' lang='lat' dir='ltr'><strong>de·</strong></span> <span class='ocrx_word' id='word_1_232' title='bbox 659 4092 761 4154; x_wconf 78' lang='lat' dir='ltr'><strong>Tindnl,</strong></span> <span class='ocrx_word' id='word_1_233' title='bbox 781 4105 843 4142; x_wconf 79' lang='lat' dir='ltr'><strong>uest</strong></span> <span class='ocrx_word' id='word_1_234' title='bbox 869 4089 1019 4151; x_wconf 86' lang='lat' dir='ltr'><strong>Richmond,</strong></span> <span class='ocrx_word' id='word_1_235' title='bbox 1041 4088 1123 4136; x_wconf 82' lang='lat' dir='ltr'><strong>York-</strong></span> 
     </span>
    </p>

    <p class='ocr_par' dir='ltr' id='par_1_9' title="bbox 174 4156 1122 4296">
     <span class='ocr_line' id='line_1_37' title="bbox 174 4156 1122 4225; baseline -0.013 -8"><span class='ocrx_word' id='word_1_236' title='bbox 174 4165 268 4217; x_wconf 73' lang='lat' dir='ltr'><strong>scribes</strong></span> <span class='ocrx_word' id='word_1_237' title='bbox 285 4163 337 4213; x_wconf 84' lang='lat' dir='ltr'><strong>this</strong></span> <span class='ocrx_word' id='word_1_238' title='bbox 355 4163 429 4225; x_wconf 71' lang='lat' dir='ltr'><strong>place</strong></span> <span class='ocrx_word' id='word_1_239' title='bbox 447 4176 477 4212; x_wconf 77' lang='lat' dir='ltr'><strong>us</strong></span> <span class='ocrx_word' id='word_1_240' title='bbox 491 4162 579 4223; x_wconf 70' lang='lat' dir='ltr'><strong>nearly</strong></span> <span class='ocrx_word' id='word_1_241' title='bbox 595 4166 637 4211; x_wconf 88' lang='lat' dir='ltr'><strong>teu</strong></span> <span class='ocrx_word' id='word_1_242' title='bbox 661 4160 737 4212; x_wconf 76' lang='lat' dir='ltr'><strong>chire.</strong></span> <span class='ocrx_word' id='word_1_243' title='bbox 773 4161 823 4211; x_wconf 79' lang='lat' dir='ltr'><strong>For</strong></span> <span class='ocrx_word' id='word_1_244' title='bbox 843 4161 885 4209; x_wconf 89' lang='lat' dir='ltr'><strong>the</strong></span> <span class='ocrx_word' id='word_1_245' title='bbox 907 4164 1015 4209; x_wconf 75' lang='lat' dir='ltr'><strong>account</strong></span> <span class='ocrx_word' id='word_1_246' title='bbox 1037 4156 1122 4207; x_wconf 81' lang='lat' dir='ltr'><strong>which</strong></span> 
     </span>
     <span class='ocr_line' id='line_1_38' title="bbox 175 4227 1071 4296; baseline -0.009 -11"><span class='ocrx_word' id='word_1_247' title='bbox 175 4232 468 4296; x_wconf 61' lang='lat' dir='ltr'><strong>numennumen,</strong></span> <span class='ocrx_word' id='word_1_248' title='bbox 478 4230 638 4296; x_wconf 79' lang='lat' dir='ltr'><strong>urOetricht,</strong></span> <span class='ocrx_word' id='word_1_249' title='bbox 661 4231 770 4294; x_wconf 75' lang='lat' dir='ltr'><strong>folium,</strong></span> <span class='ocrx_word' id='word_1_250' title='bbox 781 4245 824 4280; x_wconf 86' lang='lat' dir='ltr'><strong>see</strong></span> <span class='ocrx_word' id='word_1_251' title='bbox 835 4230 917 4291; x_wconf 71' lang='lat' dir='ltr'><strong>Beda,</strong></span> <span class='ocrx_word' id='word_1_252' title='bbox 927 4227 940 4295; x_wconf 68' lang='lat'><strong>5</strong></span> <span class='ocrx_word' id='word_1_253' title='bbox 952 4233 1009 4290; x_wconf 78' lang='grc'><strong>189,</strong></span> <span class='ocrx_word' id='word_1_254' title='bbox 1020 4238 1071 4291; x_wconf 74' lang='lat' dir='ltr'><strong>seq.</strong></span> 
     </span>
    </p>
   </div>
   <div class='ocr_carea' id='block_1_6' title="bbox 185 4320 975 4375">
    <p class='ocr_par' dir='ltr' id='par_1_10' title="bbox 185 4320 975 4375">
     <span class='ocr_line' id='line_1_39' title="bbox 185 4320 975 4375; baseline -0.009 -2"><span class='ocrx_word' id='word_1_255' title='bbox 185 4354 188 4358; x_wconf 96' lang='lat'>-</span> <span class='ocrx_word' id='word_1_256' title='bbox 223 4324 303 4375; x_wconf 78' lang='lat' dir='ltr'><strong>VOL·</strong></span> <span class='ocrx_word' id='word_1_257' title='bbox 327 4323 350 4370; x_wconf 87' lang='lat'><strong>1.</strong></span> <span class='ocrx_word' id='word_1_258' title='bbox 954 4320 975 4366; x_wconf 67' lang='lat'><strong>1.</strong></span> 
     </span>
    </p>
   </div>
   <div class='ocr_carea' id='block_1_7' title="bbox 0 0 1448 4852">
    <p class='ocr_par' dir='ltr' id='par_1_11' title="bbox 0 0 1448 4852">
     <span class='ocr_line' id='line_1_40' title="bbox 0 0 1448 4852; baseline 0 0"><span class='ocrx_word' id='word_1_259' title='bbox 0 0 1448 4852; x_wconf 95' lang='lat' dir='ltr'><strong> </strong></span> 
     </span>
    </p>
   </div>
  </div>
 </body>
</html>
