2888 4852
429 437 569 486 rnoars
592 436 862 486 ursroaraaun.
1056 416 1123 484 445

175 588 264 654 Cum
291 610 374 674 ergo
397 592 499 678 hujus
521 593 651 658 decreti
674 594 848 657 sententia
879 593 970 675 apud
1003 593 1123 656 urbem
1136 610 1260 700 ruffin
1221 607 1275 648 reor

176 688 432 755 Londouiarum
453 694 585 776 absque
599 693 729 776 pietate
747 699 1007 774 exsequeretur,
1028 692 1124 773 fuge·

174 798 257 859 runt
281 791 382 856 multi
407 793 587 857 Danorum
614 792 658 857 ad
681 792 861 855 ecclesiam
889 790 1098 874 quandam
1088 811 1125 855 ιιι

175 890 329 967 civitate,
343 891 402 954 ubi
418 912 537 956 omnes
553 892 638 974 ipsis
655 890 833 956 adstantes
856 891 1025 956 altaribus
1044 897 1125 955 sunt

177 991 366 1073 perempti3
398 992 459 1055 sed
479 992 627 1076 juvenes
653 991 793 1073 quidam
821 1010 866 1054 ex
891 991 1031 1054 natione
1054 990 1126 1054 Da·

177 1089 267 1164 nica,
283 1090 328 1153 ad
354 1110 476 1154 navem
493 1091 666 1173 quandam
686 1091 871 1172 fugientes,
889 1090 1040 1153 Dauiam
1063 1109 1124 1172 pe·

177 1189 319 1265 tierunt,
339 1197 374 1253 et
390 1191 463 1271 regi
482 1190 600 1255 Suano
623 1196 767 1254 cruenta
786 1210 860 1254 suae
882 1190 996 1272 gentis
1017 1189 1126 1252 exitia

178 1287 390 1365 nuntiantes,
413 1290 526 1371 ipsum
553 1290 598 1353 ad
622 1289 819 1372 lachrymas
844 1294 1125 1368 commoverunt3

178 1387 249 1467 qui,
266 1389 466 1452 convocatis
482 1390 616 1452 cunctis
638 1389 737 1469 regni
751 1388 975 1471 principibus,
990 1400 1127 1452 omnem

179 1486 228 1549 rei
243 1494 351 1567 gestae
366 1487 489 1550 seriem
509 1506 699 1569 exponens,
713 1486 795 1570 quid
812 1487 983 1569 agendum
999 1506 1126 1552 consu-

180 1584 303 1662 lerent,
320 1585 505 1667 diligenter
521 1587 683 1670 inquirit;
706 1587 767 1668 qui
789 1606 920 1664 omues,
933 1587 1035 1670 quasi
1055 1604 1127 1651 uno

179 1704 239 1750 ore
256 1685 500 1763 acclamantes,
515 1685 742 1750 decreverunt
758 1687 1027 1769 propinquorum
1044 1705 1128 1753 suo·

181 1781 257 1847 rum
274 1791 311 1848 et
324 1785 513 1849 amicorum
532 1786 605 1849 iore
620 1786 823 1867 sanguinem
842 1783 1088 1849 ulciscendum.

223 1882 337 1948 Auxit
350 1893 466 1949 autem
484 1885 588 1968 hujus
603 1884 872 1968 perturbationis
889 1885 1019 1949 rabiem
1033 1888 1126 1949 mors'

181 1981 380 2060 Guunildis,
396 1986 525 2049 sororis
542 1984 651 2048 Suani
671 1985 776 2066 regis,
792 2003 871 2066 quae
888 1985 926 2048 in
946 1985 1038 2048 hunc
1055 2003 1130 2051 mo.

180 2082 261 2146 dum
285 2083 322 2146 in
338 2080 471 2165 Anglia
491 2103 601 2166 nuper
622 2083 727 2147 fuerit
743 2082 943 2163 interfecta3
972 2083 1060 2147 Erat
1080 2082 1128 2146 si·

180 2182 318 2264 quidem
332 2180 519 2247 Gunnildis
530 2182 677 2266 praefata
689 2182 838 2265 Palingo
852 2182 969 2248 comiti
978 2182 1128 2263 Danico,

181 2283 288 2345 nobili
306 2283 393 2360 viro,
414 2282 508 2366 [lege
524 2282 700 2366 conjugali
715 2282 891 2365 copulata,
908 2302 986 2364 quae
1004 2282 1129 2365 priori·

181 2382 246 2445 bus
277 2383 389 2457 annis,
415 2401 494 2447 cum
521 2382 612 2464 viro]
638 2376 804 2464 Angliam
830 2383 999 2464 ingressa,
1026 2380 1130 2444 fidem

183 2479 311 2545 Christi
333 2481 459 2547 ibidem
481 2489 517 2545 et
538 2482 758 2565 baptismatis
780 2488 1033 2546 sacramentum
1052 2499 1131 2544 sus·

181 2587 332 2663 ceperat.
369 2580 459 2645 Haec
476 2581 597 2662 virago
614 2581 893 2662 prudentissima,
906 2581 997 2645 inter
1007 2580 1130 2645 Dauos

182 2688 217 2743 et
226 2679 362 2762 Anglos
376 2681 474 2763 pacis
490 2680 675 2743 mediatrix
691 2680 857 2755 existens,
869 2679 1023 2743 obsidem
1042 2699 1130 2756 sese,

183 2797 260 2842 cum
276 2779 351 2842 viro
373 2787 408 2842 et
427 2778 530 2841 unico
547 2797 650 2861 quem
671 2777 821 2841 habebat
843 2777 926 2855 lilio,
944 2777 1131 2842 Ethelredo

185 2877 258 2958 regi
280 2877 324 2941 ad
346 2878 443 2960 pacis
468 2878 688 2941 securitatem
710 2876 826 2956 dedit;
852 2877 927 2940 baec
948 2895 1027 2940 cum
1049 2877 1132 2939 luis·

184 2984 239 3039 set
262 2996 284 3039 a
305 2996 387 3059 rege
410 2976 558 3041 Eadrico
581 2976 660 3040 duci
686 2976 731 3039 ad
755 2976 1015 3040 custodiendum
1038 2980 1133 3038 comss

186 3075 304 3153 missa,
326 3084 404 3158 post
419 3077 494 3140 dies
514 3095 644 3159 paucos
665 3075 701 3139 in
721 3075 905 3157 praesentia
926 3076 1003 3160 ejus
1019 3076 1132 3138 virum

186 3194 287 3238 suum
311 3195 388 3238 cum
413 3175 484 3240 filio
509 3182 660 3259 quatuor
680 3174 763 3238 fecit
786 3174 916 3238 lanceis
938 3175 1029 3238 idern
1051 3176 1133 3256 pro'·

186 3274 279 3338 ditor
302 3274 469 3338 Eadricus
496 3274 681 3338 crudeliter
696 3273 873 3357 jugulare,
894 3281 930 3337 et
948 3274 1047 3337 illam
1069 3292 1133 3338 no*

186 3373 326 3438 vissime
367 3393 570 3456 generosam
602 3373 781 3437 mulierem
813 3373 1003 3454 decapitari
1044 3392 1135 3456 prae·

187 3474 290 3557 cepit.
342 3471 530 3537 Gunnildis
551 3492 647 3550 vero,
672 3472 754 3538 forti
778 3473 894 3537 animo
920 3473 1040 3538 mortis
1063 3472 1133 3536 dis⁶

188 3574 333 3638 crimina
361 3573 548 3656 perferens,
575 3572 743 3636 moritura
768 3592 837 3637 uon
863 3572 1047 3655 expalluit,
1071 3591 1135 3636 neo

188 3679 325 3736 mortua
352 3680 557 3756 consumpto
582 3672 753 3752 sanguine
777 3671 894 3736 vultus
924 3673 979 3735 sui
1005 3672 1136 3738 sereni·

182 3778 296 3835 tatem
328 3773 464 3851 amisit;
496 3778 723 3837 veruntamen
752 3771 900 3835 moriens
931 3771 1137 3835 fiducialiter

189 3872 439 3955 pronuntiavit,
460 3871 552 3953 quod
574 3870 629 3934 sui
650 3870 830 3952 sanguinis
861 3865 982 3934 effusio
1008 3888 1135 3951 magno

191 3971 255 4036 toti
282 3969 421 4051 Angliae
455 3969 552 4034 fieret
584 3969 802 4034 detrimento.
854 3968 923 4043 His
955 3968 1063 4050 igitur
1093 3968 1136 4031 de

190 4071 305 4136 causis
334 4088 395 4132 rex
423 4070 603 4133 Danorum
636 4069 786 4146 Suanus,
813 4068 868 4131 vir
900 4068 1060 4145 crudelis,
1091 4067 1137 4131 ad

191 4169 368 4252 sanguinis
393 4168 591 4233 effusionem
618 4187 760 4252 pronus,
784 4167 827 4232 ad
850 4168 1038 4232 vindictam
1062 4166 1137 4231 ani·
