2888 4852
406 438 545 489 eronus
568 438 837 489 ursrorunauu.
1029 425 1095 489 149

140 617 283 682 porum3
306 599 365 663 ubi
391 599 568 664 damnavit
595 599 754 664 haeresim
782 596 1090 665 Monotbelitarum

140 706 175 762 et
203 700 281 783 ejus
308 706 515 764 sectatorem
545 699 707 778 Paulum,
738 698 1090 782 constantinopoleos

139 798 218 862 salsi
232 800 381 864 nominis
396 800 639 883 patriarcham.
683 799 763 879 Qua
778 819 816 863 re
832 799 984 879 cognita,
998 799 1091 864 Con·

139 905 238 963 stans
260 897 445 982 Augustus
473 899 665 964 Martinam
691 919 818 983 papam
842 898 1090 964 Constantino·

139 997 245 1082 polim
277 1001 449 1078 evocavit,
481 1008 516 1065 et
548 999 628 1065 inde
660 1020 738 1063 eum
768 998 874 1063 exilio
916 998 1089 1081 relegavit

139 1098 232 1182 apud
245 1097 497 1165 Chersonesum
512 1121 521 1180 ;
543 1100 673 1164 multos
692 1100 798 1163 etiam
816 1096 1087 1164 orthodoxorum

139 1200 340 1264 verberibus
355 1207 390 1264 et
405 1200 520 1265 exiliis
537 1199 793 1275 condemnavit,
807 1196 953 1281 eoquod
967 1198 1089 1266 haeresi

139 1318 211 1363 suar
226 1299 424 1364 nullatenus
440 1299 662 1383 adquiescere
675 1297 816 1364 vellent.
853 1296 984 1361 Eodem
1002 1307 1088 1364 tem-

139 1418 223 1482 pore
233 1398 404 1476 Honorio,
415 1399 672 1465 Dorobernensi
681 1398 951 1482 archiepiscopo,
960 1392 1088 1464 ¹Deus·

139 1498 234 1565 dedit
246 1501 425 1565 successit.

189 1599 295 1665 Anno
324 1601 447 1683 gratim
479 1616 599 1664 οων.
626 1598 747 1664 Panda
777 1618 839 1662 rex
866 1599 1088 1677 Marciorum,
1102 1618 1210 1659 anau.

139 1701 200 1784 qui
222 1708 318 1765 totus
345 1702 381 1764 in
409 1720 505 1765 arma
532 1699 661 1776 furens,
686 1697 800 1763 nullas
830 1700 897 1764 nisi
919 1701 1089 1782 sanguiue

138 1800 216 1864 suso
238 1801 367 1883 gaudet
389 1800 516 1865 habere
533 1801 621 1878 vias,
637 1798 776 1864 Annam
798 1819 914 1881 regem
936 1803 1087 1866 orienta-
1101 1818 1203 1860 natan

138 1901 222 1964 lium
238 1897 433 1983 Anglorum
452 1902 564 1966 virum
589 1902 677 1966 bene
699 1899 896 1981 religiosum
920 1901 1012 1965 bello
1034 1900 1088 1964 in·
1100 1871 1170 1910 ⁸⁰⁰⁸

139 2002 244 2078 vasit,
266 2002 352 2065 etin
368 2008 543 2066 momento
563 1999 728 2066 contrivit
747 2000 874 2084 atejus
898 2001 1087 2065 exercitum

139 2109 264 2179 totum,
280 2102 337 2166 cui
351 2094 574 2166 ¹Athelherus
588 2101 696 2166 frater
708 2100 784 2185 ejus
799 2101 834 2163 in
851 2121 995 2184 regnum
1008 2120 1087 2165 suc·

138 2201 256 2268 cessit.
307 2196 455 2267 ³E0uem
473 2220 577 2279 ann0,
596 2202 758 2266 defuncto
778 2221 859 2283 rege
880 2202 1088 2267 Cantnario·

139 2321 216 2366 rum
243 2301 467 2380 Erconberto,
492 2303 659 2367 successit
687 2301 718 2364 ei
750 2301 787 2364 in
819 2322 964 2385 regnum
996 2302 1089 2366 filius

139 2402 217 2486 ejas
233 2402 406 2485 Egbcrtns
420 2422 543 2468 novem
560 2403 672 2466 annis.
724 2400 796 2465 Hic
817 2402 854 2467 in
876 2403 1006 2486 palatio
1023 2421 1087 2466 suo
1099 2423 1204 2474 mearet

138 2501 228 2567 duos
260 2502 350 2568 filios
385 2501 587 2567 Ermenredi
622 2501 737 2585 patrui
774 2503 829 2566 sui
865 2502 1087 2580 educaverat,
1098 2473 1249 2525 ¹¹⁰⁸⁰¹⁸⁸⁰‘'

140 2600 381 2668 Athelbertum
412 2603 544 2668 scilicet
579 2611 615 2666 et
645 2601 882 2680 Ethelredum,
916 2604 975 2685 qui
1008 2608 1089 2685 post

140 2705 231 2768 sacri
265 2703 485 2786 baptismatis
513 2703 809 2785 regenerationem
833 2704 868 2766 in
891 2702 1089 2767 innocentia

140 2810 177 2868 et
201 2805 364 2868 castitate
380 2803 580 2869 voluntaria
600 2810 853 2886 permanentes,
873 2822 1006 2867 morum
1030 2803 1089 2865 ho·

141 2911 312 2968 aestatem
329 2902 534 2968 humilitatis
549 2902 707 2968 custodia
723 2903 932 2967 munierunt.
983 2895 1090 2965 ⁴Erat

143 3011 258 3068 autem
271 3005 309 3068 in
325 3003 427 3068 domo
450 3005 542 3086 regis
563 3002 744 3067 memorati
764 3002 921 3066 minister
936 3002 1090 3086 quidam,

141 3103 270 3168 diaboli
291 3104 494 3181 membrum,
519 3102 661 3166 Thuner
683 3102 832 3178 nomine,
849 3102 940 3184 quod
966 3102 1090 3165 Latine

142 3204 358 3269 ‘Touitrum’
367 3211 481 3281 sonat,
491 3204 549 3287 qui
565 3220 748 3285 puerorum
759 3201 990 3266 laudabilibus
1000 3200 1091 3265 invi·

142 3304 228 3369 dens
244 3304 476 3380 incrementis,
492 3322 610 3368 eorum
625 3302 857 3366 innocentiam
873 3321 958 3383 arga
976 3321 1092 3383 regem

142 3404 345 3488 quotidiano
373 3404 490 3468 labore
521 3401 682 3467 adulator
713 3401 853 3466 sedulus
876 3401 1092 3483 denigrabat.

142 3503 302 3582 ‘Video,’
315 3505 439 3587 inquit,
461 3510 529 3580 ‘te,
553 3502 584 3566 0
603 3521 677 3579 rex,
699 3502 787 3566 tales
810 3521 887 3565 cum
910 3501 1093 3583 diligentia

177 3695 186 3728 ¹
211 3698 369 3763 Daedala]
394 3699 524 3748 Honorius
545 3695 605 3745 died
665 3692 778 3744 'Eodem
794 3689 881 3762 nano]
899 3694 961 3743 This
979 3699 1054 3743 event
1069 3694 1092 3742 is

143 3770 278 3832 according
288 3775 314 3819 to
326 3768 400 3818 Beda
409 3783 441 3817 on
453 3772 485 3817 8⁰
493 3767 606 3829 Septem·
630 3764 765 3814 antedated
787 3766 821 3824 by
844 3769 886 3813 ten
907 3778 997 3825 years:
1026 3765 1046 3812 it
1070 3764 1092 3813 ir

144 3842 198 3903 ber,
204 3841 255 3890 and
266 3839 420 3899 Deusdedit,
427 3838 511 3888 before
522 3836 606 3886 ended
630 3834 724 3898 rightly
736 3834 857 3884 recorded
869 3834 949 3884 below
962 3835 988 3882 in
999 3837 1057 3883 ool.

144 3910 274 3974 ffithona,
300 3923 356 3960 was
381 3908 545 3960 oomecrated
571 3907 606 3968 by

144 3981 258 4031 ithamar
268 3980 359 4041 bisbop
376 3979 405 4030 of
420 3979 559 4030 Rochester
573 3991 606 4026 on
667 3972 753 4023 ‘Emi
774 3977 854 4022 uatem
875 3974 902 4022 in
920 3967 1010 4040 dorm]
1032 3971 1095 4021 This

144 4056 178 4102 as
197 4050 297 4101 March.
333 4050 376 4100 He
398 4049 458 4099 died
480 4049 522 4098 the
548 4047 606 4096 llth
631 4043 723 4107 legend
740 4058 829 4106 agrees
849 4042 888 4093 sor
898 4044 940 4093 the
957 4048 1022 4090 most
1038 4045 1095 4102 part

145 4123 279 4184 Julyaot.
314 4120 392 4184 Angl.
403 4120 474 4170 Sacr.
486 4134 512 4181 p.
524 4121 566 4168 ⁹8.
633 4115 694 4164 with
706 4115 761 4163 that
780 4116 806 4162 in
822 4114 923 4163 Simeon
933 4112 962 4161 ol
971 4111 1096 4171 Durham,

179 4189 472 4255 'Athellenafflewas
480 4187 608 4239 alainalso
633 4187 697 4235 Dec.
714 4185 817 4245 Scriptt.
834 4184 883 4234 col.
902 4188 943 4233 88.
978 4182 1025 4231 See
1041 4181 1097 4229 aleo

145 4263 180 4324 by
192 4260 283 4313 Panda
293 4260 320 4311 in
330 4260 372 4311 tlte
383 4259 512 4323 following
524 4271 593 4320 year.
634 4256 753 4306 blalmsb.
765 4251 779 4319 §
789 4257 846 4304 Μ.
