2888 4852
350 397 417 463 326
603 410 737 459 noonnr
763 411 810 456 nn
835 409 1042 457 wnunovnn

354 569 417 636 sno
439 568 591 633 dominio
616 566 864 646 subdiderunt;
888 564 980 648 qnod
1002 564 1083 628 indo
1097 562 1235 628 cuidam
1259 564 1309 628 in-

355 670 496 753 sipienti
513 669 683 745 ministro,
695 667 832 730 nomine
842 659 850 696 ¹
860 664 1040 742 ceolwlfo,
1052 685 1093 729 eo
1110 673 1215 747 pacto
1229 683 1309 728 cus·

357 769 556 834 todiendum
573 767 801 841 tradiderunt,
820 772 859 828 ut
874 765 1150 847 quandocunque
1168 763 1310 841 vellent,

357 868 443 933 illud
466 867 532 932 sibi
555 866 698 950 pacifice
722 866 927 946 resignaret,
955 872 990 927 et
1012 865 1076 928 snb
1103 863 1169 927 hac
1192 861 1311 926 condi-

360 969 452 1032 tione
471 966 648 1031 obsidibus
667 965 771 1042 datis,
788 963 990 1028 fidelitatem
1005 961 1152 1047 paganis
1163 961 1309 1047 juravit.

376 1216 381 1224 ,
416 1137 534 1222 Corpus
549 1135 651 1202 amati
669 1134 825 1202 Uettieni
838 1133 877 1201 ob
892 1134 997 1202 forulo
1013 1135 1270 1221 Lfrdr'rsaroeori

734 1244 879 1300 remotum
892 1243 946 1300 ost.

413 1359 528 1424 Anno
545 1361 686 1425 Domini
710 1360 919 1424 occonxxv.
936 1359 1070 1424 invisus
1097 1377 1312 1442 paganorum

363 1479 508 1526 acervus
537 1460 789 1543 Rependnnam
815 1459 988 1536 deserens,
1014 1478 1124 1540 nuper
1147 1457 1313 1540 multipii-

363 1568 475 1638 catus,
490 1561 525 1623 in
551 1559 639 1625 duas
658 1580 696 1623 se
720 1569 853 1624 turmas
870 1558 1001 1635 divisit,
1021 1558 1120 1641 cujus
1137 1577 1218 1639 pars
1242 1576 1313 1621 una

247 1656 256 1673 ’
362 1680 440 1725 cnm
473 1678 555 1742 rege
576 1653 757 1724 ²Haldene
780 1657 1164 1724 Northanhumbrorum
1192 1665 1313 1739 petens

364 1760 540 1841 regionem
562 1759 668 1843 juxta
690 1758 817 1822 flumen
846 1758 947 1841 Tyne
970 1756 1158 1840 hyemavit,
1186 1763 1313 1820 totam·

362 1878 431 1941 que
461 1858 674 1942 provinciam
711 1858 807 1922 illam
841 1877 905 1921 sno
940 1856 1109 1921 desiderio
1143 1855 1310 1939 subjecit3

364 1957 485 2022 Pictos
514 1977 610 2036 vero,
648 1977 781 2022 necnon
819 1965 854 2022 et
887 1956 1094 2033 Wallenses,
1131 1955 1312 2031 dirissimis

364 2056 606 2122 afflictionibus
623 2057 797 2140 fatigavit.
842 2056 941 2120 Tunc
958 2055 1157 2133 Eardulfns,
1176 2054 1313 2119 Lindie·

365 2157 535 2221 farnensis
561 2158 756 2240 episcopus,
785 2165 821 2222 et
846 2156 953 2220 abbas
976 2154 1155 2220 Eadredns
1188 2173 1313 2237 corpus

364 2256 459 2321 beati
494 2256 676 2322 Cuthberti
707 2256 879 2339 pontificis
911 2255 953 2319 de
981 2255 1095 2319 insula
1122 2254 1314 2318 lindisfar-

365 2356 463 2419 nensi
488 2355 660 2433 tollentes,
681 2375 742 2437 per
759 2363 891 2438 septem
917 2374 1027 2419 annos
1054 2354 1192 2437 profugi
1206 2372 1315 2434 vaga-

364 2453 502 2518 bantur.
555 2454 678 2518 Altera
692 2460 807 2517 antem
825 2474 906 2536 pars
923 2453 1108 2531 exercitus,
1124 2474 1202 2517 cum
1218 2446 1312 2534 ³Gy·

366 2560 432 2629 tro,
464 2551 609 2616 Osketel
646 2561 682 2616 et
715 2552 916 2631 Hamundo,
946 2554 1084 2635 regibus
1121 2553 1314 2629 Danorum,

365 2651 410 2714 ad
436 2649 672 2733 Grantbrigge
702 2671 739 2716 se
763 2652 943 2717 conferens
973 2652 1148 2735 hyemavit
1174 2651 1313 2715 ibidem.

367 2749 497 2814 Eodem
523 2770 615 2815 anno
638 2751 674 2814 in
697 2758 819 2816 aestate
835 2772 898 2815 rex
912 2749 1088 2828 Alfredns,
1104 2758 1228 2834 parato
1252 2770 1314 2815 na·

365 2850 474 2932 vigio,
490 2870 585 2915 mare
610 2851 821 2929 conscendit,
846 2851 905 2914 ubi
924 2859 1056 2933 septem
1080 2870 1186 2915 naves
1207 2871 1316 2933 nuper

365 2949 572 3014 adventatas
582 2949 853 3032 deprehendens,
864 2969 966 3014 unam
976 2951 1118 3015 retinuit
1128 2958 1164 3015 et
1172 2959 1317 3015 caeteras

365 3049 400 3111 in
415 3049 535 3131 fugam
550 3050 731 3114 convertit.

382 3220 431 3285 De
444 3220 559 3307 trapis
574 3222 656 3287 fater
670 3242 767 3307 repom
782 3221 950 3308 Alsredam
963 3230 991 3287 at
999 3222 1107 3287 Dacos
1121 3223 1299 3288 constitutio.

416 3345 519 3409 Anno
535 3346 677 3410 Domini
692 3363 914 3411 ncccnxxvl.
926 3339 1112 3410 ⁴nefandus
1124 3346 1313 3412 infidelium

365 3463 495 3508 cuneus
522 3451 623 3509 nocte
650 3445 886 3528 Grantbrigge
912 3447 1110 3529 relinquens
1132 3446 1176 3509 ad
1202 3447 1313 3527 regio·

365 3563 444 3606 nem
469 3543 761 3608 west-saxonum
787 3545 882 3609 venit
908 3552 943 3609 et
965 3546 1133 3610 Warham
1161 3553 1313 3609 castrum

365 3649 572 3725 occupatum
589 3643 743 3708 intravit.
785 3644 850 3708 Est
866 3645 914 3707 ihi
925 3645 1172 3709 monasterium
1185 3644 1313 3708 sancti·

396 3838 405 3872 ¹
420 3843 554 3906 Ceolwh'oss
575 3844 657 3893 called
668 3844 702 3905 by
714 3844 826 3908 lngulph
851 3844 985 3907 cuthbert,
996 3845 1080 3895 which
1091 3847 1114 3894 is
1125 3846 1187 3896 from
1198 3847 1307 3896 Simeon.

364 3911 454 3962 ‘miser
465 3913 619 3977 subregulus
628 3914 647 3975 ;'
657 3929 682 3975 p.
694 3918 736 3963 2⁷.
885 3912 1030 3978 ⁸Gyan]
1066 3915 1223 3976 ‘Godrnno,'
1252 3916 1313 3965 Sar.

397 3979 552 4046 'HoldeneJ
569 3979 747 4046 ‘Henlfdene,‘
765 3984 827 4034 Sax.
852 3984 962 4044 Chron.;
987 3985 1119 4046 ‘cotnra'
1140 4000 1169 4034 or
1191 3985 1314 4048 ‘Godro,'

363 4049 826 4115 Chron.;‘Heeltene,’Asser,whore
851 4055 939 4103 Aeser.
1319 4066 1324 4074 '

362 4122 772 4187 theseeventsarerolated,with
785 4124 825 4172 tho
885 4123 895 4153 ⁴
920 4124 1045 4182 Nomadas
1073 4118 1241 4192 infidelium]
1280 4125 1313 4173 So

363 4194 495 4254 exception
513 4194 542 4243 of
558 4193 600 4243 the
623 4195 732 4243 removal
750 4194 779 4242 of
798 4195 825 4242 S.
851 4193 929 4242 heser
940 4194 990 4242 and
1002 4194 1043 4242 the
1054 4195 1115 4242 Sar.
1127 4194 1219 4244 Chron.
