<?xml version="1.0" encoding="UTF-8"?>
<!DOCTYPE html PUBLIC "-//W3C//DTD XHTML 1.0 Transitional//EN"
    "http://www.w3.org/TR/xhtml1/DTD/xhtml1-transitional.dtd">
<html xmlns="http://www.w3.org/1999/xhtml" xml:lang="en" lang="en">
 <head>
  <title>
</title>
<meta http-equiv="Content-Type" content="text/html;charset=utf-8" />
  <meta name='ocr-system' content='tesseract 3.04.00' />
  <meta name='ocr-capabilities' content='ocr_page ocr_carea ocr_par ocr_line ocrx_word'/>
</head>
<body>
  <div class='ocr_page' id='page_1' title='image "./rogeridewendove04rogegoog_0165.png"; bbox 0 0 2888 4852; ppageno 0'>
   <div class='ocr_carea' id='block_1_1' title="bbox 324 382 1015 447">
    <p class='ocr_par' dir='ltr' id='par_1_1' title="bbox 324 382 1015 447">
     <span class='ocr_line' id='line_1_1' title="bbox 324 382 1015 447; baseline 0.003 -2"><span class='ocrx_word' id='word_1_1' title='bbox 324 382 388 446; x_wconf 80' lang='lat'>122</span> <span class='ocrx_word' id='word_1_2' title='bbox 579 398 712 446; x_wconf 83' lang='lat' dir='ltr'>aoosnr</span> <span class='ocrx_word' id='word_1_3' title='bbox 737 399 785 445; x_wconf 82' lang='lat' dir='ltr'>oe</span> <span class='ocrx_word' id='word_1_4' title='bbox 808 399 1015 447; x_wconf 79' lang='lat' dir='ltr'>wranovsn</span> 
     </span>
    </p>
   </div>
   <div class='ocr_carea' id='block_1_2' title="bbox 162 556 1275 640">
    <p class='ocr_par' dir='ltr' id='par_1_2' title="bbox 162 556 1275 640">
     <span class='ocr_line' id='line_1_2' title="bbox 162 556 1275 640; baseline 0.004 -25"><span class='ocrx_word' id='word_1_5' title='bbox 162 576 281 624; x_wconf 65' lang='lat' dir='ltr'>army«</span> <span class='ocrx_word' id='word_1_6' title='bbox 322 556 555 633; x_wconf 87' lang='lat' dir='ltr'>confluebant,</span> <span class='ocrx_word' id='word_1_7' title='bbox 587 565 688 622; x_wconf 90' lang='lat' dir='ltr'>tanta</span> <span class='ocrx_word' id='word_1_8' title='bbox 730 557 779 621; x_wconf 88' lang='lat' dir='ltr'>rei</span> <span class='ocrx_word' id='word_1_9' title='bbox 812 557 967 622; x_wconf 86' lang='lat' dir='ltr'>novitate</span> <span class='ocrx_word' id='word_1_10' title='bbox 1007 557 1178 640; x_wconf 82' lang='lat' dir='ltr'>perculsi3</span> <span class='ocrx_word' id='word_1_11' title='bbox 1215 558 1275 640; x_wconf 91' lang='lat' dir='ltr'>qui</span> 
     </span>
    </p>
   </div>
   <div class='ocr_carea' id='block_1_3' title="bbox 161 627 277 666">
    <p class='ocr_par' dir='ltr' id='par_1_3' title="bbox 161 627 277 666">
     <span class='ocr_line' id='line_1_3' title="bbox 161 627 277 666; baseline 0.009 -1"><span class='ocrx_word' id='word_1_12' title='bbox 161 627 277 666; x_wconf 67' lang='lat' dir='ltr'>Matronae</span> 
     </span>
    </p>
   </div>
   <div class='ocr_carea' id='block_1_4' title="bbox 322 657 1275 940">
    <p class='ocr_par' dir='ltr' id='par_1_4' title="bbox 322 657 1275 940">
     <span class='ocr_line' id='line_1_4' title="bbox 322 657 1274 740; baseline 0 -19"><span class='ocrx_word' id='word_1_13' title='bbox 322 659 430 740; x_wconf 86' lang='lat' dir='ltr'>coepit</span> <span class='ocrx_word' id='word_1_14' title='bbox 449 678 557 721; x_wconf 87' lang='lat' dir='ltr'>novas</span> <span class='ocrx_word' id='word_1_15' title='bbox 574 659 669 740; x_wconf 86' lang='lat' dir='ltr'>leges</span> <span class='ocrx_word' id='word_1_16' title='bbox 684 658 813 738; x_wconf 87' lang='lat' dir='ltr'>fingere</span> <span class='ocrx_word' id='word_1_17' title='bbox 829 665 865 722; x_wconf 87' lang='lat' dir='ltr'>et</span> <span class='ocrx_word' id='word_1_18' title='bbox 879 658 930 720; x_wconf 86' lang='lat' dir='ltr'>eis</span> <span class='ocrx_word' id='word_1_19' title='bbox 945 657 1094 734; x_wconf 81' lang='lat' dir='ltr'><strong>tradere,</strong></span> <span class='ocrx_word' id='word_1_20' title='bbox 1105 657 1274 721; x_wconf 87' lang='lat' dir='ltr'>adhibens</span> 
     </span>
     <span class='ocr_line' id='line_1_5' title="bbox 323 757 1273 842; baseline 0 -21"><span class='ocrx_word' id='word_1_21' title='bbox 323 758 407 840; x_wconf 86' lang='lat' dir='ltr'>ipsis</span> <span class='ocrx_word' id='word_1_22' title='bbox 422 758 556 840; x_wconf 89' lang='lat' dir='ltr'>legibus</span> <span class='ocrx_word' id='word_1_23' title='bbox 580 759 780 821; x_wconf 88' lang='lat' dir='ltr'>testimonia</span> <span class='ocrx_word' id='word_1_24' title='bbox 797 758 840 821; x_wconf 93' lang='lat' dir='ltr'>de</span> <span class='ocrx_word' id='word_1_25' title='bbox 863 765 1010 842; x_wconf 90' lang='lat' dir='ltr'>utroque</span> <span class='ocrx_word' id='word_1_26' title='bbox 1024 757 1273 822; x_wconf 85' lang='lat' dir='ltr'>Testamenta:</span> 
     </span>
     <span class='ocr_line' id='line_1_6' title="bbox 323 857 1275 940; baseline 0 -19"><span class='ocrx_word' id='word_1_27' title='bbox 323 857 387 921; x_wconf 84' lang='lat' dir='ltr'>has</span> <span class='ocrx_word' id='word_1_28' title='bbox 427 858 523 939; x_wconf 88' lang='lat' dir='ltr'>leges</span> <span class='ocrx_word' id='word_1_29' title='bbox 558 857 746 921; x_wconf 85' lang='lat' dir='ltr'>Ismaelitue</span> <span class='ocrx_word' id='word_1_30' title='bbox 782 857 961 940; x_wconf 85' lang='lat' dir='ltr'>appellant</span> <span class='ocrx_word' id='word_1_31' title='bbox 993 876 1088 933; x_wconf 87' lang='lat' dir='ltr'>suas,</span> <span class='ocrx_word' id='word_1_32' title='bbox 1126 877 1275 940; x_wconf 90' lang='lat' dir='ltr'>eumque</span> 
     </span>
    </p>
   </div>
   <div class='ocr_carea' id='block_1_5' title="bbox 236 956 1274 1041">
    <p class='ocr_par' dir='ltr' id='par_1_5' title="bbox 236 956 1274 1041">
     <span class='ocr_line' id='line_1_7' title="bbox 236 956 1274 1041; baseline 0 -20"><span class='ocrx_word' id='word_1_33' title='bbox 236 990 239 994; x_wconf 93' lang='lat'>·</span> <span class='ocrx_word' id='word_1_34' title='bbox 323 978 423 1021; x_wconf 88' lang='lat' dir='ltr'>suum</span> <span class='ocrx_word' id='word_1_35' title='bbox 443 958 677 1041; x_wconf 77' lang='lat' dir='ltr'>legislatorem</span> <span class='ocrx_word' id='word_1_36' title='bbox 701 977 777 1021; x_wconf 85' lang='lat' dir='ltr'>esse</span> <span class='ocrx_word' id='word_1_37' title='bbox 799 957 963 1022; x_wconf 83' lang='lat' dir='ltr'>latentur.</span> <span class='ocrx_word' id='word_1_38' title='bbox 1015 956 1172 1022; x_wconf 66' lang='lat' dir='ltr'>Praesma</span> <span class='ocrx_word' id='word_1_39' title='bbox 1186 977 1274 1040; x_wconf 93' lang='lat' dir='ltr'>quo·</span> 
     </span>
    </p>
   </div>
   <div class='ocr_carea' id='block_1_6' title="bbox 320 1057 1275 2442">
    <p class='ocr_par' dir='ltr' id='par_1_6' title="bbox 320 1057 1275 2442">
     <span class='ocr_line' id='line_1_8' title="bbox 323 1057 1274 1140; baseline 0 -18"><span class='ocrx_word' id='word_1_40' title='bbox 323 1078 391 1140; x_wconf 90' lang='lat' dir='ltr'>que</span> <span class='ocrx_word' id='word_1_41' title='bbox 414 1057 537 1122; x_wconf 89' lang='lat' dir='ltr'>mulier</span> <span class='ocrx_word' id='word_1_42' title='bbox 554 1058 674 1122; x_wconf 88' lang='lat' dir='ltr'>videns</span> <span class='ocrx_word' id='word_1_43' title='bbox 698 1057 869 1122; x_wconf 89' lang='lat' dir='ltr'>hominem</span> <span class='ocrx_word' id='word_1_44' title='bbox 887 1057 910 1121; x_wconf 87' lang='lat' dir='ltr'>J</span> <span class='ocrx_word' id='word_1_45' title='bbox 913 1058 1089 1122; x_wconf 88' lang='lat' dir='ltr'>ndeeorum</span> <span class='ocrx_word' id='word_1_46' title='bbox 1115 1067 1152 1122; x_wconf 91' lang='lat' dir='ltr'>ct</span> <span class='ocrx_word' id='word_1_47' title='bbox 1168 1058 1274 1122; x_wconf 86' lang='lat' dir='ltr'>Sara·</span> 
     </span>
     <span class='ocr_line' id='line_1_9' title="bbox 323 1158 1274 1241; baseline 0 -19"><span class='ocrx_word' id='word_1_48' title='bbox 323 1178 484 1222; x_wconf 89' lang='lat' dir='ltr'>cenorum</span> <span class='ocrx_word' id='word_1_49' title='bbox 501 1160 631 1241; x_wconf 92' lang='lat' dir='ltr'>pariter</span> <span class='ocrx_word' id='word_1_50' title='bbox 652 1158 877 1222; x_wconf 83' lang='lat' dir='ltr'>contubernio</span> <span class='ocrx_word' id='word_1_51' title='bbox 890 1158 1071 1234; x_wconf 88' lang='lat' dir='ltr'>vallatum,</span> <span class='ocrx_word' id='word_1_52' title='bbox 1096 1158 1274 1222; x_wconf 86' lang='lat' dir='ltr'>existima·</span> 
     </span>
     <span class='ocr_line' id='line_1_10' title="bbox 323 1258 1273 1338; baseline 0.002 -18"><span class='ocrx_word' id='word_1_53' title='bbox 323 1259 384 1321; x_wconf 92' lang='lat' dir='ltr'>bat</span> <span class='ocrx_word' id='word_1_54' title='bbox 399 1259 434 1320; x_wconf 91' lang='lat' dir='ltr'>iu</span> <span class='ocrx_word' id='word_1_55' title='bbox 450 1277 492 1320; x_wconf 91' lang='lat' dir='ltr'>eo</span> <span class='ocrx_word' id='word_1_56' title='bbox 507 1258 723 1322; x_wconf 86' lang='lat' dir='ltr'>divinitatem</span> <span class='ocrx_word' id='word_1_57' title='bbox 741 1258 851 1322; x_wconf 89' lang='lat' dir='ltr'>latere</span> <span class='ocrx_word' id='word_1_58' title='bbox 864 1278 873 1338; x_wconf 90' lang='grc'>;</span> <span class='ocrx_word' id='word_1_59' title='bbox 888 1266 936 1335; x_wconf 92' lang='lat' dir='ltr'>et,</span> <span class='ocrx_word' id='word_1_60' title='bbox 953 1278 1032 1323; x_wconf 91' lang='lat' dir='ltr'>cum</span> <span class='ocrx_word' id='word_1_61' title='bbox 1047 1265 1140 1322; x_wconf 85' lang='lat' dir='ltr'>essct</span> <span class='ocrx_word' id='word_1_62' title='bbox 1155 1258 1273 1335; x_wconf 89' lang='lat' dir='ltr'>vidua,</span> 
     </span>
     <span class='ocr_line' id='line_1_11' title="bbox 322 1357 1272 1440; baseline -0.001 -18"><span class='ocrx_word' id='word_1_63' title='bbox 322 1357 517 1440; x_wconf 79' lang='lat' dir='ltr'><strong>adsumpsit</strong></span> <span class='ocrx_word' id='word_1_64' title='bbox 534 1378 612 1421; x_wconf 91' lang='lat' dir='ltr'>eum</span> <span class='ocrx_word' id='word_1_65' title='bbox 638 1359 703 1422; x_wconf 85' lang='lat' dir='ltr'>sibi</span> <span class='ocrx_word' id='word_1_66' title='bbox 726 1359 900 1435; x_wconf 90' lang='lat' dir='ltr'>maritum,</span> <span class='ocrx_word' id='word_1_67' title='bbox 917 1358 1037 1440; x_wconf 87' lang='lat' dir='ltr'>sicque</span> <span class='ocrx_word' id='word_1_68' title='bbox 1051 1358 1272 1422; x_wconf 76' lang='lat' dir='ltr'>Mahnmetea</span> 
     </span>
     <span class='ocr_line' id='line_1_12' title="bbox 323 1457 1272 1541; baseline 0 -19"><span class='ocrx_word' id='word_1_69' title='bbox 323 1458 430 1522; x_wconf 92' lang='lat' dir='ltr'>totius</span> <span class='ocrx_word' id='word_1_70' title='bbox 447 1459 634 1541; x_wconf 86' lang='lat' dir='ltr'>provinciae</span> <span class='ocrx_word' id='word_1_71' title='bbox 650 1458 743 1521; x_wconf 88' lang='lat' dir='ltr'>illins</span> <span class='ocrx_word' id='word_1_72' title='bbox 759 1457 908 1523; x_wconf 82' lang='lat' dir='ltr'>obtinuit</span> <span class='ocrx_word' id='word_1_73' title='bbox 922 1459 1165 1541; x_wconf 84' lang='lat' dir='ltr'>principatum.</span> <span class='ocrx_word' id='word_1_74' title='bbox 1199 1458 1272 1522; x_wconf 82' lang='lat' dir='ltr'>Ile-</span> 
     </span>
     <span class='ocr_line' id='line_1_13' title="bbox 323 1557 1275 1641; baseline 0.001 -21"><span class='ocrx_word' id='word_1_75' title='bbox 323 1578 415 1622; x_wconf 90' lang='lat' dir='ltr'>mum</span> <span class='ocrx_word' id='word_1_76' title='bbox 441 1579 524 1622; x_wconf 87' lang='lat' dir='ltr'>vero</span> <span class='ocrx_word' id='word_1_77' title='bbox 546 1557 682 1622; x_wconf 82' lang='lat' dir='ltr'>Arabes</span> <span class='ocrx_word' id='word_1_78' title='bbox 708 1560 739 1621; x_wconf 91' lang='lat' dir='ltr'>ei</span> <span class='ocrx_word' id='word_1_79' title='bbox 769 1557 986 1623; x_wconf 76' lang='lat' dir='ltr'>adhaerentes</span> <span class='ocrx_word' id='word_1_80' title='bbox 1015 1578 1158 1641; x_wconf 89' lang='lat' dir='ltr'>regnum</span> <span class='ocrx_word' id='word_1_81' title='bbox 1186 1557 1275 1621; x_wconf 86' lang='lat' dir='ltr'>Per·</span> 
     </span>
     <span class='ocr_line' id='line_1_14' title="bbox 322 1658 1273 1741; baseline 0.002 -21"><span class='ocrx_word' id='word_1_82' title='bbox 322 1678 438 1721; x_wconf 85' lang='lat' dir='ltr'>sarum</span> <span class='ocrx_word' id='word_1_83' title='bbox 474 1658 638 1722; x_wconf 86' lang='lat' dir='ltr'>infestare</span> <span class='ocrx_word' id='word_1_84' title='bbox 671 1666 864 1741; x_wconf 89' lang='lat' dir='ltr'>coeperunt,</span> <span class='ocrx_word' id='word_1_85' title='bbox 892 1678 933 1722; x_wconf 93' lang='lat' dir='ltr'>ac</span> <span class='ocrx_word' id='word_1_86' title='bbox 962 1659 1097 1723; x_wconf 92' lang='lat' dir='ltr'>demum</span> <span class='ocrx_word' id='word_1_87' title='bbox 1129 1659 1273 1723; x_wconf 89' lang='lat' dir='ltr'>orientis</span> 
     </span>
     <span class='ocr_line' id='line_1_15' title="bbox 323 1757 1273 1841; baseline 0.001 -20"><span class='ocrx_word' id='word_1_88' title='bbox 323 1759 407 1822; x_wconf 88' lang='lat' dir='ltr'>fines</span> <span class='ocrx_word' id='word_1_89' title='bbox 434 1759 568 1841; x_wconf 87' lang='lat' dir='ltr'>imperii</span> <span class='ocrx_word' id='word_1_90' title='bbox 597 1778 706 1840; x_wconf 90' lang='lat' dir='ltr'>usque</span> <span class='ocrx_word' id='word_1_91' title='bbox 728 1759 772 1822; x_wconf 90' lang='lat' dir='ltr'>ad</span> <span class='ocrx_word' id='word_1_92' title='bbox 789 1758 1040 1822; x_wconf 82' lang='lat' dir='ltr'>Alexandriam</span> <span class='ocrx_word' id='word_1_93' title='bbox 1068 1778 1173 1841; x_wconf 90' lang='lat' dir='ltr'>super</span> <span class='ocrx_word' id='word_1_94' title='bbox 1196 1757 1273 1822; x_wconf 91' lang='lat' dir='ltr'>He·</span> 
     </span>
     <span class='ocr_line' id='line_1_16' title="bbox 323 1857 1273 1924; baseline 0.001 -3"><span class='ocrx_word' id='word_1_95' title='bbox 323 1860 465 1922; x_wconf 91' lang='lat' dir='ltr'>raclium</span> <span class='ocrx_word' id='word_1_96' title='bbox 499 1859 709 1923; x_wconf 89' lang='lat' dir='ltr'>invaserunt.</span> <span class='ocrx_word' id='word_1_97' title='bbox 775 1857 862 1923; x_wconf 88' lang='lat' dir='ltr'>Post</span> <span class='ocrx_word' id='word_1_98' title='bbox 892 1860 967 1924; x_wconf 86' lang='lat' dir='ltr'>haec</span> <span class='ocrx_word' id='word_1_99' title='bbox 997 1867 1112 1923; x_wconf 89' lang='lat' dir='ltr'>autem</span> <span class='ocrx_word' id='word_1_100' title='bbox 1145 1858 1273 1922; x_wconf 87' lang='lat' dir='ltr'>Mahu·</span> 
     </span>
     <span class='ocr_line' id='line_1_17' title="bbox 323 1958 1273 2043; baseline 0.003 -23"><span class='ocrx_word' id='word_1_101' title='bbox 323 1966 431 2022; x_wconf 90' lang='lat' dir='ltr'>metes</span> <span class='ocrx_word' id='word_1_102' title='bbox 465 1959 573 2041; x_wconf 91' lang='lat' dir='ltr'>coepit</span> <span class='ocrx_word' id='word_1_103' title='bbox 600 1959 722 2023; x_wconf 89' lang='lat' dir='ltr'>cadere</span> <span class='ocrx_word' id='word_1_104' title='bbox 748 1958 945 2042; x_wconf 86' lang='lat' dir='ltr'>frequenter</span> <span class='ocrx_word' id='word_1_105' title='bbox 976 1959 1161 2043; x_wconf 89' lang='lat' dir='ltr'>epileptica</span> <span class='ocrx_word' id='word_1_106' title='bbox 1191 1979 1273 2042; x_wconf 87' lang='lat' dir='ltr'>pas-</span> 
     </span>
     <span class='ocr_line' id='line_1_18' title="bbox 322 2058 1272 2144; baseline 0.001 -23"><span class='ocrx_word' id='word_1_107' title='bbox 322 2060 430 2133; x_wconf 85' lang='lat' dir='ltr'>sione,</span> <span class='ocrx_word' id='word_1_108' title='bbox 469 2059 561 2140; x_wconf 90' lang='lat' dir='ltr'>quod</span> <span class='ocrx_word' id='word_1_109' title='bbox 592 2058 743 2123; x_wconf 87' lang='lat' dir='ltr'>Cadisan</span> <span class='ocrx_word' id='word_1_110' title='bbox 777 2079 867 2123; x_wconf 85' lang='lat' dir='ltr'>uxor</span> <span class='ocrx_word' id='word_1_111' title='bbox 904 2060 979 2144; x_wconf 91' lang='lat' dir='ltr'>ejus</span> <span class='ocrx_word' id='word_1_112' title='bbox 1015 2079 1170 2136; x_wconf 89' lang='lat' dir='ltr'>cernens,</span> <span class='ocrx_word' id='word_1_113' title='bbox 1209 2080 1272 2143; x_wconf 91' lang='lat' dir='ltr'>op·</span> 
     </span>
     <span class='ocr_line' id='line_1_19' title="bbox 322 2159 1272 2242; baseline 0.003 -21"><span class='ocrx_word' id='word_1_114' title='bbox 322 2159 404 2241; x_wconf 95' lang='lat' dir='ltr'>pido</span> <span class='ocrx_word' id='word_1_115' title='bbox 425 2159 641 2235; x_wconf 84' lang='lat' dir='ltr'>tristabatur,</span> <span class='ocrx_word' id='word_1_116' title='bbox 660 2179 702 2223; x_wconf 90' lang='lat' dir='ltr'>eo</span> <span class='ocrx_word' id='word_1_117' title='bbox 724 2160 816 2242; x_wconf 92' lang='lat' dir='ltr'>qnod</span> <span class='ocrx_word' id='word_1_118' title='bbox 840 2161 1016 2242; x_wconf 88' lang='lat' dir='ltr'>nupsisset</span> <span class='ocrx_word' id='word_1_119' title='bbox 1039 2160 1272 2242; x_wconf 89' lang='lat' dir='ltr'>impurissimo</span> 
     </span>
     <span class='ocr_line' id='line_1_20' title="bbox 322 2258 1272 2342; baseline 0.002 -21"><span class='ocrx_word' id='word_1_120' title='bbox 322 2268 358 2323; x_wconf 91' lang='lat' dir='ltr'>et</span> <span class='ocrx_word' id='word_1_121' title='bbox 371 2258 554 2341; x_wconf 87' lang='lat' dir='ltr'>epileptico</span> <span class='ocrx_word' id='word_1_122' title='bbox 572 2261 669 2339; x_wconf 90' lang='lat' dir='ltr'>viro;</span> <span class='ocrx_word' id='word_1_123' title='bbox 693 2278 797 2341; x_wconf 90' lang='lat' dir='ltr'>quam</span> <span class='ocrx_word' id='word_1_124' title='bbox 820 2259 878 2323; x_wconf 90' lang='lat' dir='ltr'>ille</span> <span class='ocrx_word' id='word_1_125' title='bbox 905 2260 1043 2342; x_wconf 92' lang='lat' dir='ltr'>placare</span> <span class='ocrx_word' id='word_1_126' title='bbox 1060 2259 1272 2337; x_wconf 88' lang='lat' dir='ltr'>desiderans,</span> 
     </span>
     <span class='ocr_line' id='line_1_21' title="bbox 320 2358 1272 2442; baseline -0.003 -16"><span class='ocrx_word' id='word_1_127' title='bbox 320 2358 423 2436; x_wconf 84' lang='lat' dir='ltr'>dixit,</span> <span class='ocrx_word' id='word_1_128' title='bbox 447 2359 530 2442; x_wconf 92' lang='lat' dir='ltr'>quia</span> <span class='ocrx_word' id='word_1_129' title='bbox 548 2358 691 2423; x_wconf 87' lang='lat' dir='ltr'>Gabriel</span> <span class='ocrx_word' id='word_1_130' title='bbox 715 2359 861 2440; x_wconf 89' lang='lat' dir='ltr'>angelus</span> <span class='ocrx_word' id='word_1_131' title='bbox 887 2360 930 2423; x_wconf 93' lang='lat' dir='ltr'>ad</span> <span class='ocrx_word' id='word_1_132' title='bbox 957 2380 1036 2423; x_wconf 91' lang='lat' dir='ltr'>eum</span> <span class='ocrx_word' id='word_1_133' title='bbox 1060 2360 1272 2441; x_wconf 87' lang='lat' dir='ltr'>loqueretur,</span> 
     </span>
    </p>
   </div>
   <div class='ocr_carea' id='block_1_7' title="bbox 219 2459 1273 2542">
    <p class='ocr_par' dir='ltr' id='par_1_7' title="bbox 219 2459 1273 2542">
     <span class='ocr_line' id='line_1_22' title="bbox 219 2459 1273 2542; baseline 0.003 -21"><span class='ocrx_word' id='word_1_134' title='bbox 219 2474 221 2477; x_wconf 80' lang='grc'><strong>’</strong></span> <span class='ocrx_word' id='word_1_135' title='bbox 323 2478 385 2522; x_wconf 85' lang='lat' dir='ltr'>uec</span> <span class='ocrx_word' id='word_1_136' title='bbox 410 2478 447 2522; x_wconf 91' lang='lat' dir='ltr'>sa</span> <span class='ocrx_word' id='word_1_137' title='bbox 471 2460 546 2542; x_wconf 91' lang='lat' dir='ltr'>ejus</span> <span class='ocrx_word' id='word_1_138' title='bbox 569 2459 785 2542; x_wconf 88' lang='lat' dir='ltr'>splendorem</span> <span class='ocrx_word' id='word_1_139' title='bbox 814 2479 917 2541; x_wconf 90' lang='lat' dir='ltr'>posse</span> <span class='ocrx_word' id='word_1_140' title='bbox 945 2460 1127 2536; x_wconf 91' lang='lat' dir='ltr'>sustinere,</span> <span class='ocrx_word' id='word_1_141' title='bbox 1150 2467 1273 2542; x_wconf 89' lang='lat' dir='ltr'>utpote</span> 
     </span>
    </p>
   </div>
   <div class='ocr_carea' id='block_1_8' title="bbox 320 2558 1274 3836">
    <p class='ocr_par' dir='ltr' id='par_1_8' title="bbox 321 2558 1273 3344">
     <span class='ocr_line' id='line_1_23' title="bbox 322 2558 1273 2635; baseline 0.004 -15"><span class='ocrx_word' id='word_1_142' title='bbox 322 2558 424 2622; x_wconf 93' lang='lat' dir='ltr'>homo</span> <span class='ocrx_word' id='word_1_143' title='bbox 444 2559 606 2635; x_wconf 90' lang='lat' dir='ltr'>carnalis,</span> <span class='ocrx_word' id='word_1_144' title='bbox 632 2568 668 2623; x_wconf 90' lang='lat' dir='ltr'>et</span> <span class='ocrx_word' id='word_1_145' title='bbox 692 2559 770 2623; x_wconf 91' lang='lat' dir='ltr'>ideo</span> <span class='ocrx_word' id='word_1_146' title='bbox 792 2579 830 2622; x_wconf 89' lang='lat' dir='ltr'>se</span> <span class='ocrx_word' id='word_1_147' title='bbox 853 2560 975 2623; x_wconf 88' lang='lat' dir='ltr'>cadere</span> <span class='ocrx_word' id='word_1_148' title='bbox 998 2568 1034 2623; x_wconf 91' lang='lat' dir='ltr'>et</span> <span class='ocrx_word' id='word_1_149' title='bbox 1053 2560 1198 2623; x_wconf 87' lang='lat' dir='ltr'>deficere</span> <span class='ocrx_word' id='word_1_150' title='bbox 1216 2579 1273 2624; x_wconf 88' lang='lat' dir='ltr'>as·</span> 
     </span>
     <span class='ocr_line' id='line_1_24' title="bbox 321 2658 1272 2741; baseline 0.003 -20"><span class='ocrx_word' id='word_1_151' title='bbox 321 2659 440 2721; x_wconf 90' lang='lat' dir='ltr'>seruit.</span> <span class='ocrx_word' id='word_1_152' title='bbox 494 2658 648 2729; x_wconf 87' lang='lat' dir='ltr'>Credidit</span> <span class='ocrx_word' id='word_1_153' title='bbox 672 2679 755 2741; x_wconf 87' lang='lat' dir='ltr'>ergo</span> <span class='ocrx_word' id='word_1_154' title='bbox 778 2660 912 2738; x_wconf 90' lang='lat' dir='ltr'>mulier,</span> <span class='ocrx_word' id='word_1_155' title='bbox 934 2667 970 2724; x_wconf 91' lang='lat' dir='ltr'>et</span> <span class='ocrx_word' id='word_1_156' title='bbox 991 2679 1109 2723; x_wconf 89' lang='lat' dir='ltr'>omnes</span> <span class='ocrx_word' id='word_1_157' title='bbox 1134 2658 1272 2724; x_wconf 87' lang='lat' dir='ltr'>Arabes</span> 
     </span>
     <span class='ocr_line' id='line_1_25' title="bbox 322 2758 1272 2842; baseline 0.005 -22"><span class='ocrx_word' id='word_1_158' title='bbox 322 2765 357 2822; x_wconf 89' lang='lat' dir='ltr'>et</span> <span class='ocrx_word' id='word_1_159' title='bbox 398 2758 586 2823; x_wconf 77' lang='lat' dir='ltr'>ismaelitae</span> <span class='ocrx_word' id='word_1_160' title='bbox 625 2759 717 2842; x_wconf 92' lang='lat' dir='ltr'>quod</span> <span class='ocrx_word' id='word_1_161' title='bbox 754 2780 798 2823; x_wconf 84' lang='lat' dir='ltr'>ex</span> <span class='ocrx_word' id='word_1_162' title='bbox 845 2780 906 2824; x_wconf 88' lang='lat' dir='ltr'>ore</span> <span class='ocrx_word' id='word_1_163' title='bbox 941 2759 1139 2841; x_wconf 85' lang='lat' dir='ltr'>archangeli</span> <span class='ocrx_word' id='word_1_164' title='bbox 1176 2760 1272 2842; x_wconf 85' lang='lat' dir='ltr'>leges</span> 
     </span>
     <span class='ocr_line' id='line_1_26' title="bbox 321 2859 1272 2943; baseline 0.004 -23"><span class='ocrx_word' id='word_1_165' title='bbox 321 2860 522 2942; x_wconf 86' lang='lat' dir='ltr'>susciperet,</span> <span class='ocrx_word' id='word_1_166' title='bbox 556 2879 644 2943; x_wconf 91' lang='lat' dir='ltr'>quas</span> <span class='ocrx_word' id='word_1_167' title='bbox 674 2860 780 2923; x_wconf 91' lang='lat' dir='ltr'>dabat</span> <span class='ocrx_word' id='word_1_168' title='bbox 817 2859 898 2936; x_wconf 88' lang='lat' dir='ltr'>illis,</span> <span class='ocrx_word' id='word_1_169' title='bbox 930 2880 971 2924; x_wconf 88' lang='lat' dir='ltr'>eo</span> <span class='ocrx_word' id='word_1_170' title='bbox 1004 2861 1096 2942; x_wconf 90' lang='lat' dir='ltr'>quod</span> <span class='ocrx_word' id='word_1_171' title='bbox 1127 2859 1272 2925; x_wconf 89' lang='lat' dir='ltr'>Gabriel</span> 
     </span>
     <span class='ocr_line' id='line_1_27' title="bbox 321 2959 1273 3043; baseline 0.002 -21"><span class='ocrx_word' id='word_1_172' title='bbox 321 2959 549 3041; x_wconf 81' lang='lat' dir='ltr'>archangelus</span> <span class='ocrx_word' id='word_1_173' title='bbox 575 2980 669 3043; x_wconf 84' lang='lat' dir='ltr'>saepe</span> <span class='ocrx_word' id='word_1_174' title='bbox 694 2961 853 3024; x_wconf 91' lang='lat' dir='ltr'>mittatur</span> <span class='ocrx_word' id='word_1_175' title='bbox 877 2961 921 3024; x_wconf 89' lang='lat' dir='ltr'>ad</span> <span class='ocrx_word' id='word_1_176' title='bbox 951 2961 1118 3025; x_wconf 88' lang='lat' dir='ltr'>homiues.</span> <span class='ocrx_word' id='word_1_177' title='bbox 1176 2959 1273 3024; x_wconf 86' lang='lat' dir='ltr'>Prae-</span> 
     </span>
     <span class='ocr_line' id='line_1_28' title="bbox 321 3059 1273 3142; baseline 0.004 -21"><span class='ocrx_word' id='word_1_178' title='bbox 321 3059 460 3124; x_wconf 91' lang='lat' dir='ltr'>dicabat</span> <span class='ocrx_word' id='word_1_179' title='bbox 484 3067 654 3142; x_wconf 82' lang='lat' dir='ltr'>praeterea</span> <span class='ocrx_word' id='word_1_180' title='bbox 671 3059 868 3142; x_wconf 90' lang='lat' dir='ltr'>voluptates</span> <span class='ocrx_word' id='word_1_181' title='bbox 891 3069 925 3125; x_wconf 91' lang='lat' dir='ltr'>et</span> <span class='ocrx_word' id='word_1_182' title='bbox 952 3060 1109 3124; x_wconf 86' lang='lat' dir='ltr'>carnales</span> <span class='ocrx_word' id='word_1_183' title='bbox 1130 3061 1273 3126; x_wconf 89' lang='lat' dir='ltr'>delicias</span> 
     </span>
     <span class='ocr_line' id='line_1_29' title="bbox 321 3160 1273 3243; baseline 0.006 -23"><span class='ocrx_word' id='word_1_184' title='bbox 321 3178 490 3222; x_wconf 91' lang='lat' dir='ltr'>summum</span> <span class='ocrx_word' id='word_1_185' title='bbox 514 3162 641 3224; x_wconf 92' lang='lat' dir='ltr'>bouum</span> <span class='ocrx_word' id='word_1_186' title='bbox 664 3181 761 3239; x_wconf 83' lang='lat' dir='ltr'>esse3</span> <span class='ocrx_word' id='word_1_187' title='bbox 793 3160 884 3223; x_wconf 89' lang='lat' dir='ltr'>unde</span> <span class='ocrx_word' id='word_1_188' title='bbox 907 3161 1020 3238; x_wconf 90' lang='lat' dir='ltr'>credo,</span> <span class='ocrx_word' id='word_1_189' title='bbox 1043 3161 1134 3243; x_wconf 90' lang='lat' dir='ltr'>quod</span> <span class='ocrx_word' id='word_1_190' title='bbox 1158 3162 1188 3225; x_wconf 89' lang='lat' dir='ltr'>si</span> <span class='ocrx_word' id='word_1_191' title='bbox 1210 3160 1273 3227; x_wconf 93' lang='lat' dir='ltr'>ho·</span> 
     </span>
     <span class='ocr_line' id='line_1_30' title="bbox 321 3259 1079 3344; baseline 0.005 -24"><span class='ocrx_word' id='word_1_192' title='bbox 321 3259 376 3321; x_wconf 92' lang='lat' dir='ltr'>dic</span> <span class='ocrx_word' id='word_1_193' title='bbox 391 3261 534 3336; x_wconf 88' lang='lat' dir='ltr'>viveret,</span> <span class='ocrx_word' id='word_1_194' title='bbox 550 3261 677 3323; x_wconf 92' lang='lat' dir='ltr'>multos</span> <span class='ocrx_word' id='word_1_195' title='bbox 695 3261 865 3325; x_wconf 90' lang='lat' dir='ltr'>inveniret</span> <span class='ocrx_word' id='word_1_196' title='bbox 881 3260 1079 3344; x_wconf 88' lang='lat' dir='ltr'>discipulos.</span> 
     </span>
    </p>

    <p class='ocr_par' dir='ltr' id='par_1_9' title="bbox 320 3352 1274 3836">
     <span class='ocr_line' id='line_1_31' title="bbox 374 3352 1272 3441; baseline 0.004 -20"><span class='ocrx_word' id='word_1_197' title='bbox 374 3352 543 3422; x_wconf 82' lang='lat' dir='ltr'>¹Tandem</span> <span class='ocrx_word' id='word_1_198' title='bbox 567 3378 644 3422; x_wconf 90' lang='lat' dir='ltr'>cum</span> <span class='ocrx_word' id='word_1_199' title='bbox 671 3359 851 3441; x_wconf 67' lang='lat' dir='ltr'>praefatam</span> <span class='ocrx_word' id='word_1_200' title='bbox 878 3361 1055 3424; x_wconf 92' lang='lat' dir='ltr'>hominum</span> <span class='ocrx_word' id='word_1_201' title='bbox 1082 3362 1272 3426; x_wconf 85' lang='lat' dir='ltr'>numerosi-</span> 
     </span>
     <span class='ocr_line' id='line_1_32' title="bbox 323 3459 1274 3545; baseline 0.005 -24"><span class='ocrx_word' id='word_1_202' title='bbox 323 3465 429 3521; x_wconf 89' lang='lat' dir='ltr'>tatem</span> <span class='ocrx_word' id='word_1_203' title='bbox 446 3459 594 3523; x_wconf 85' lang='lat' dir='ltr'>insuam</span> <span class='ocrx_word' id='word_1_204' title='bbox 611 3460 767 3523; x_wconf 87' lang='lat' dir='ltr'>haeresim</span> <span class='ocrx_word' id='word_1_205' title='bbox 790 3460 999 3538; x_wconf 88' lang='lat' dir='ltr'>intricasset,</span> <span class='ocrx_word' id='word_1_206' title='bbox 1014 3461 1164 3545; x_wconf 87' lang='lat' dir='ltr'>quadam</span> <span class='ocrx_word' id='word_1_207' title='bbox 1187 3461 1274 3526; x_wconf 90' lang='lat' dir='ltr'>hora</span> 
     </span>
     <span class='ocr_line' id='line_1_33' title="bbox 323 3560 1273 3643; baseline 0.006 -23"><span class='ocrx_word' id='word_1_208' title='bbox 323 3560 530 3640; x_wconf 90' lang='lat' dir='ltr'>vespertina,</span> <span class='ocrx_word' id='word_1_209' title='bbox 559 3580 637 3623; x_wconf 90' lang='lat' dir='ltr'>cum</span> <span class='ocrx_word' id='word_1_210' title='bbox 659 3561 694 3623; x_wconf 90' lang='lat' dir='ltr'>in</span> <span class='ocrx_word' id='word_1_211' title='bbox 718 3560 849 3643; x_wconf 88' lang='lat' dir='ltr'>palatio</span> <span class='ocrx_word' id='word_1_212' title='bbox 873 3561 1008 3626; x_wconf 88' lang='lat' dir='ltr'>sederet</span> <span class='ocrx_word' id='word_1_213' title='bbox 1036 3562 1118 3626; x_wconf 91' lang='lat' dir='ltr'>vino</span> <span class='ocrx_word' id='word_1_214' title='bbox 1147 3562 1273 3626; x_wconf 88' lang='lat' dir='ltr'>inebri-</span> 
     </span>
     <span class='ocr_line' id='line_1_34' title="bbox 321 3661 1272 3745; baseline 0.005 -25"><span class='ocrx_word' id='word_1_215' title='bbox 321 3664 413 3734; x_wconf 77' lang='lat' dir='ltr'>atuS,</span> <span class='ocrx_word' id='word_1_216' title='bbox 445 3661 609 3741; x_wconf 85' lang='lat' dir='ltr'>coguovit</span> <span class='ocrx_word' id='word_1_217' title='bbox 640 3661 732 3743; x_wconf 90' lang='lat' dir='ltr'>quod</span> <span class='ocrx_word' id='word_1_218' title='bbox 767 3670 934 3726; x_wconf 88' lang='lat' dir='ltr'>consucta</span> <span class='ocrx_word' id='word_1_219' title='bbox 970 3662 1139 3745; x_wconf 86' lang='lat' dir='ltr'>aegritudo</span> <span class='ocrx_word' id='word_1_220' title='bbox 1175 3662 1272 3725; x_wconf 91' lang='lat' dir='ltr'>illum</span> 
     </span>
     <span class='ocr_line' id='line_1_35' title="bbox 320 3757 1274 3836; baseline 0.006 -16"><span class='ocrx_word' id='word_1_221' title='bbox 320 3757 510 3836; x_wconf 90' lang='lat' dir='ltr'>invaderet,</span> <span class='ocrx_word' id='word_1_222' title='bbox 537 3762 646 3825; x_wconf 89' lang='lat' dir='ltr'>exivit</span> <span class='ocrx_word' id='word_1_223' title='bbox 675 3762 879 3825; x_wconf 83' lang='lat' dir='ltr'>festinanter</span> <span class='ocrx_word' id='word_1_224' title='bbox 914 3763 1030 3826; x_wconf 89' lang='lat' dir='ltr'>dicens</span> <span class='ocrx_word' id='word_1_225' title='bbox 1063 3782 1099 3826; x_wconf 90' lang='lat' dir='ltr'>se</span> <span class='ocrx_word' id='word_1_226' title='bbox 1130 3762 1174 3825; x_wconf 90' lang='lat' dir='ltr'>ad</span> <span class='ocrx_word' id='word_1_227' title='bbox 1201 3763 1274 3826; x_wconf 90' lang='lat' dir='ltr'>col·</span> 
     </span>
    </p>
   </div>
   <div class='ocr_carea' id='block_1_9' title="bbox 356 3996 1274 4149">
    <p class='ocr_par' dir='ltr' id='par_1_10' title="bbox 356 3996 1274 4149">
     <span class='ocr_line' id='line_1_36' title="bbox 356 3996 1274 4104; baseline 0.011 -57"><span class='ocrx_word' id='word_1_228' title='bbox 356 3996 363 4028; x_wconf 90' lang='lat'>¹</span> <span class='ocrx_word' id='word_1_229' title='bbox 377 4000 482 4049; x_wconf 80' lang='lat' dir='ltr'>Tandem</span> <span class='ocrx_word' id='word_1_230' title='bbox 492 4018 547 4050; x_wconf 85' lang='lat' dir='ltr'>cum</span> <span class='ocrx_word' id='word_1_231' title='bbox 556 4002 704 4066; x_wconf 71' lang='lat' dir='ltr'>prefatum]</span> <span class='ocrx_word' id='word_1_232' title='bbox 719 4005 781 4052; x_wconf 83' lang='lat' dir='ltr'>This</span> <span class='ocrx_word' id='word_1_233' title='bbox 791 4016 794 4104; x_wconf 64' lang='lat' dir='ltr'>p</span> <span class='ocrx_word' id='word_1_234' title='bbox 806 4019 835 4052; x_wconf 75' lang='lat' dir='ltr'>aa</span> <span class='ocrx_word' id='word_1_235' title='bbox 847 4005 988 4067; x_wconf 82' lang='lat' dir='ltr'>altogether</span> <span class='ocrx_word' id='word_1_236' title='bbox 998 4005 1124 4054; x_wconf 79' lang='lat' dir='ltr'>sabulone.</span> <span class='ocrx_word' id='word_1_237' title='bbox 1155 4005 1203 4054; x_wconf 88' lang='lat' dir='ltr'>Dr.</span> <span class='ocrx_word' id='word_1_238' title='bbox 1216 4007 1274 4056; x_wconf 87' lang='lat' dir='ltr'>Pri-</span> 
     </span>
     <span class='ocr_line' id='line_1_37' title="bbox 791 4120 794 4149; baseline 0 0"><span class='ocrx_word' id='word_1_239' title='bbox 791 4120 794 4149; x_wconf 93' lang='lat' dir='ltr'>l</span> 
     </span>
    </p>
   </div>
   <div class='ocr_carea' id='block_1_10' title="bbox 319 4072 1273 4278">
    <p class='ocr_par' dir='ltr' id='par_1_11' title="bbox 319 4072 1273 4278">
     <span class='ocr_line' id='line_1_38' title="bbox 319 4072 1272 4126; baseline 0.01 -9"><span class='ocrx_word' id='word_1_240' title='bbox 319 4076 427 4119; x_wconf 86' lang='lat' dir='ltr'>account</span> <span class='ocrx_word' id='word_1_241' title='bbox 437 4072 466 4119; x_wconf 86' lang='lat' dir='ltr'>ol</span> <span class='ocrx_word' id='word_1_242' title='bbox 474 4073 515 4121; x_wconf 88' lang='lat' dir='ltr'>tbc</span> <span class='ocrx_word' id='word_1_243' title='bbox 527 4074 602 4122; x_wconf 87' lang='lat' dir='ltr'>death</span> <span class='ocrx_word' id='word_1_244' title='bbox 615 4074 644 4122; x_wconf 83' lang='lat' dir='ltr'>of</span> <span class='ocrx_word' id='word_1_245' title='bbox 653 4075 782 4123; x_wconf 84' lang='lat' dir='ltr'>blahomct</span> <span class='ocrx_word' id='word_1_246' title='bbox 805 4075 889 4123; x_wconf 84' lang='lat' dir='ltr'>deunx</span> <span class='ocrx_word' id='word_1_247' title='bbox 907 4076 1044 4125; x_wconf 76' lang='lat' dir='ltr'>concludes</span> <span class='ocrx_word' id='word_1_248' title='bbox 1060 4075 1115 4122; x_wconf 86' lang='lat' dir='ltr'>that</span> <span class='ocrx_word' id='word_1_249' title='bbox 1126 4075 1157 4123; x_wconf 86' lang='lat' dir='ltr'>hc</span> <span class='ocrx_word' id='word_1_250' title='bbox 1169 4076 1230 4126; x_wconf 86' lang='lat' dir='ltr'>died</span> <span class='ocrx_word' id='word_1_251' title='bbox 1247 4079 1272 4126; x_wconf 90' lang='lat' dir='ltr'>in</span> 
     </span>
     <span class='ocr_line' id='line_1_39' title="bbox 319 4139 1273 4206; baseline 0.012 -20"><span class='ocrx_word' id='word_1_252' title='bbox 319 4139 340 4187; x_wconf 83' lang='lat' dir='ltr'>is</span> <span class='ocrx_word' id='word_1_253' title='bbox 348 4139 425 4189; x_wconf 80' lang='lat' dir='ltr'>found</span> <span class='ocrx_word' id='word_1_254' title='bbox 438 4143 461 4189; x_wconf 91' lang='lat' dir='ltr'>iu</span> <span class='ocrx_word' id='word_1_255' title='bbox 475 4159 506 4190; x_wconf 92' lang='lat' dir='ltr'>uo</span> <span class='ocrx_word' id='word_1_256' title='bbox 518 4143 780 4206; x_wconf 81' lang='lat' dir='ltr'>historiauaolcrcdit,</span> <span class='ocrx_word' id='word_1_257' title='bbox 806 4151 864 4206; x_wconf 72' lang='grc'><strong>1132,</strong></span> <span class='ocrx_word' id='word_1_258' title='bbox 875 4146 939 4206; x_wconf 74' lang='lat' dir='ltr'>agad</span> <span class='ocrx_word' id='word_1_259' title='bbox 950 4145 1101 4206; x_wconf 83' lang='lat' dir='ltr'>sixty-three</span> <span class='ocrx_word' id='word_1_260' title='bbox 1113 4161 1196 4206; x_wconf 84' lang='lat' dir='ltr'>years.</span> <span class='ocrx_word' id='word_1_261' title='bbox 1217 4148 1273 4197; x_wconf 78' lang='lat' dir='ltr'>nia</span> 
     </span>
     <span class='ocr_line' id='line_1_40' title="bbox 319 4210 1147 4278; baseline 0.011 -21"><span class='ocrx_word' id='word_1_262' title='bbox 319 4210 368 4258; x_wconf 86' lang='lat' dir='ltr'>aud</span> <span class='ocrx_word' id='word_1_263' title='bbox 386 4226 443 4272; x_wconf 88' lang='lat' dir='ltr'>may</span> <span class='ocrx_word' id='word_1_264' title='bbox 455 4213 577 4262; x_wconf 80' lang='lat' dir='ltr'>therefore</span> <span class='ocrx_word' id='word_1_265' title='bbox 590 4216 620 4264; x_wconf 80' lang='lat' dir='ltr'>be</span> <span class='ocrx_word' id='word_1_266' title='bbox 633 4215 780 4265; x_wconf 81' lang='lat' dir='ltr'>considered</span> <span class='ocrx_word' id='word_1_267' title='bbox 804 4216 833 4264; x_wconf 82' lang='lat' dir='ltr'>ot</span> <span class='ocrx_word' id='word_1_268' title='bbox 842 4216 953 4267; x_wconf 83' lang='lat' dir='ltr'>Mabom.</span> <span class='ocrx_word' id='word_1_269' title='bbox 967 4221 1040 4277; x_wconf 76' lang='lat'>1⁷08,</span> <span class='ocrx_word' id='word_1_270' title='bbox 1051 4232 1077 4278; x_wconf 86' lang='lat' dir='ltr'>p.</span> <span class='ocrx_word' id='word_1_271' title='bbox 1092 4219 1147 4266; x_wconf 65' lang='lat' dir='ltr'>lat.</span> 
     </span>
    </p>
   </div>
   <div class='ocr_carea' id='block_1_11' title="bbox 0 0 1448 4852">
    <p class='ocr_par' dir='ltr' id='par_1_12' title="bbox 0 0 1448 4852">
     <span class='ocr_line' id='line_1_41' title="bbox 0 0 1448 4852; baseline 0 0"><span class='ocrx_word' id='word_1_272' title='bbox 0 0 1448 4852; x_wconf 95' lang='lat' dir='ltr'> </span> 
     </span>
    </p>
   </div>
  </div>
 </body>
</html>
