2888 4852
348 401 414 465 342
606 418 740 466 uocum
763 417 810 465 nr
834 403 1038 466 wunno'vnn

187 589 262 630 vnn„
270 591 295 630 a
351 572 463 639 midus
485 573 709 650 intenderem,
736 572 854 637 audivi
875 580 968 638 retro
992 592 1047 637 me
1068 573 1202 637 animas
1225 573 1298 638 cla-

187 640 273 730 alil*
249 641 301 681 “¹⁰
351 691 457 749 mare,
469 672 657 738 ‘Potentes
676 679 837 756 potenter
851 679 1023 736 tormenta
1040 671 1248 754 patientur3’
1263 681 1300 737 et

350 773 489 855 respexi
506 780 543 837 et
556 772 627 836 vidi
642 791 747 855 super
760 771 855 854 ripas
869 771 1021 836 fluminis
1034 771 1212 836 bullientis
1226 771 1298 835 for·

349 890 453 936 naces
468 872 585 954 piceas
608 879 645 935 et
665 869 871 954 sulphureas
889 871 1011 953 plenas
1027 871 1163 952 magnis
1177 869 1300 934 draco·

350 971 452 1034 nibus
475 980 512 1035 et
533 970 771 1053 scorpionibus
791 978 827 1034 ot
844 970 1062 1053 serpentibus
1086 968 1211 1033 diversi
1237 988 1299 1050 go·

351 1069 456 1146 neris,
478 1077 514 1134 et
537 1069 584 1134 ibi
600 1069 672 1134 vidi
689 1070 826 1151 aliquos
841 1069 1014 1152 principes
1036 1069 1147 1151 putris
1172 1069 1238 1131 mei
1261 1075 1299 1132 et

352 1186 446 1232 moos
461 1175 497 1232 et
511 1168 657 1233 fratrum
673 1188 839 1246 meorum,
851 1186 984 1233 necnon
1000 1175 1036 1232 et
1050 1167 1299 1232 avunculorum

351 1286 517 1344 meorum,
532 1267 685 1332 dicentes
701 1267 797 1345 mibi,
813 1266 918 1332 ‘Heu
942 1267 1054 1343 nobis,
1070 1266 1207 1342 Carole,
1229 1266 1298 1330 beu

351 1366 470 1431 nobis!
514 1365 622 1430 Vides
646 1385 751 1449 quam
774 1338 897 1448 gravia
919 1365 1086 1430 habemus
1113 1372 1299 1441 tormenta,

351 1473 494 1547 propter
519 1472 673 1531 nostram
697 1465 865 1529 malitiam
880 1473 917 1529 et
931 1465 1128 1548 superbiam
1150 1472 1186 1528 et
1207 1464 1302 1528 male

351 1564 508 1642 consilia,
534 1583 614 1648 quse
643 1565 782 1645 regibus
809 1563 938 1628 nostris
969 1572 1005 1628 et
1037 1563 1101 1629 tibi
1130 1563 1299 1639 dedimus,

350 1670 493 1745 propter
507 1663 730 1746 cupiditatem
743 1662 763 1742 ;'
786 1682 932 1745 cumque
954 1662 1029 1728 bcec
1050 1661 1199 1727 dolendo
1215 1681 1298 1726 con-

351 1763 586 1843 gemiscerem,
602 1770 828 1827 cucurrerunt
842 1762 885 1826 ad
903 1780 957 1825 me
977 1761 1152 1826 daemones
1168 1761 1299 1852 apertis

352 1868 388 1924 et
411 1861 523 1944 plenis
545 1861 701 1925 saucibus
725 1862 807 1943 igne
833 1869 868 1924 et
890 1858 1056 1943 sulphure
1080 1868 1116 1924 et
1139 1861 1215 1941 pice
1238 1879 1300 1925 vo·

351 1958 463 2026 lentes
489 1978 543 2023 me
567 1960 744 2041 inglutire,
766 1967 805 2023 at
828 1960 952 2023 ductor
985 1978 1082 2023 meus
1111 1959 1301 2040 triplicavit

351 2077 457 2141 super
470 2077 525 2122 mo
541 2058 648 2136 iilum,
665 2076 688 2122 a
703 2059 802 2142 cujus
823 2058 930 2122 radiis
951 2058 1121 2122 claritatis
1136 2065 1301 2139 superata

351 2166 434 2222 sunt
457 2159 561 2238 ignca
585 2176 647 2222 ora
665 2178 795 2234 eorum,
821 2164 857 2221 et
879 2157 1034 2238 protexit
1057 2176 1112 2221 me
1138 2156 1300 2222 validius.

352 2255 400 2321 Et
416 2256 654 2321 descendimus
668 2256 704 2320 in
721 2274 824 2320 unam
839 2256 976 2334 vallem,
992 2274 1072 2338 quse
1086 2264 1163 2320 erat
1177 2256 1213 2319 in
1230 2275 1302 2320 una

353 2362 452 2436 parte
473 2357 667 2432 tenebrosa,
690 2355 816 2419 ardens
830 2355 926 2419 velut
948 2355 1103 2419 clibanus
1128 2354 1232 2436 ignis,
1254 2374 1301 2419 ex

353 2453 423 2517 alia
445 2473 528 2518 vcro
550 2461 650 2535 parte
675 2461 747 2518 tam
777 2454 1012 2518 amoenissima
1034 2462 1070 2517 et
1094 2453 1300 2536 splendidis-

353 2552 442 2616 sima
471 2561 510 2617 ut
540 2553 637 2616 nulla
663 2554 798 2617 ratione
823 2553 935 2617 dicere
956 2554 1113 2631 valeam3
1144 2553 1302 2635 vertique

353 2670 409 2714 me
433 2659 555 2716 contra
574 2653 792 2716 tenebrosam
808 2660 844 2716 et
861 2651 1128 2716 flammivomam
1154 2660 1301 2734 partem,

354 2749 495 2833 vidique
516 2750 565 2814 ibi
587 2751 723 2834 aliquos
740 2770 839 2833 reges
860 2753 928 2815 mei
950 2751 1087 2832 generis
1108 2751 1144 2814 in
1165 2752 1302 2832 magnis

353 2849 544 2931 suppliciis.
597 2850 643 2914 Et
657 2858 739 2914 tunc
760 2850 867 2912 nimia
882 2851 1103 2932 perturbatus
1126 2851 1301 2931 angustia,

353 2948 476 3031 putavi
499 2967 554 3013 me
579 2950 699 3013 statim
727 2950 762 3011 in
784 2948 869 3030 ipsis
891 2949 1043 3031 demergi
1067 2948 1247 3031 suppliciis
1279 2969 1302 3013 a

354 3047 554 3128 gigantibus
574 3047 780 3128 nigerrimis,
806 3047 867 3128 qui
890 3048 1001 3129 ipsam
1018 3047 1143 3112 vallem
1167 3049 1301 3112 cunctis

353 3146 486 3227 ignium
513 3147 697 3228 generibus
723 3145 1004 3225 inflammabant3
1037 3154 1072 3210 et
1098 3146 1199 3210 valde
1230 3154 1300 3211 tre-

353 3263 462 3320 mens,
479 3245 641 3326 glomeris
664 3244 723 3308 filo
742 3243 957 3308 illuminante
972 3245 1090 3309 oculos
1106 3265 1213 3322 meos,
1229 3246 1301 3310 vidi

355 3362 378 3406 a
396 3343 505 3407 latere
521 3344 621 3407 vallis
638 3343 814 3425 paulisper
834 3343 1008 3408 albescere
1032 3344 1161 3422 lumen,
1184 3344 1300 3427 ibique

354 3441 423 3505 duo
450 3442 563 3505 fontes
590 3442 696 3517 fuere,
719 3461 864 3524 quorum
887 3462 976 3506 uuus
1002 3443 1143 3507 nimium
1168 3444 1300 3508 calidus

353 3547 442 3615 erat,
466 3549 501 3604 et
524 3541 614 3604 alter
634 3540 748 3604 clarus
773 3548 808 3604 et
827 3541 975 3623 tepidus,
993 3550 1028 3606 et
1046 3542 1114 3606 duo
1139 3541 1232 3606 dolia
1253 3544 1300 3606 ibi

352 3646 473 3717 erant3
497 3658 643 3722 cumque
666 3639 748 3702 illuc
771 3640 868 3716 irem,
895 3640 953 3704 filo
977 3640 1139 3721 glomeris
1159 3650 1300 3723 regente

352 3756 492 3819 gressus
515 3758 622 3815 meos,
643 3739 788 3802 intuitus
810 3758 916 3821 super
928 3759 1046 3817 unum
1062 3741 1121 3803 ubi
1144 3748 1218 3805 erat
1233 3740 1299 3804 fcr-

352 3942 445 4001 stare
470 3936 638 4019 usquead
662 3936 804 4013 femora,
825 3936 943 4000 dolore
961 3937 1062 4001 nimis
1085 3947 1299 4019 aggravatus

352 4043 388 4099 et
412 4036 579 4116 languore
601 4054 796 4117 percussus,
812 4044 847 4099 et
864 4034 953 4098 dixit
977 4035 1021 4099 ad
1047 4057 1113 4113 me,
1127 4037 1301 4101 ‘Domine

352 4134 410 4211 mi,
425 4134 563 4210 Carolc‚
579 4136 650 4198 noli
667 4135 786 4199 timere
800 4153 809 4213 ;
834 4135 905 4198 scio
920 4135 1003 4216 quia
1019 4143 1211 4200 revertetur
1225 4156 1300 4200 rur-
