2888 4852
399 428 536 477 rhenus
560 428 829 477 ursrenrnnuu.
1030 414 1096 478 477

259 661 308 724 De
321 659 461 724 Horoldi
475 661 555 746 repis
569 668 674 738 morte,
690 669 718 724 et
732 660 769 724 de
784 660 976 725 cmeeotiooe

515 759 721 824 Hordecaati.

198 883 300 948 Anno
325 885 465 948 Domini
489 900 579 948 Mxn.
604 904 666 948 rex
684 882 877 966 Anglorum
901 883 1231 961 Haroldus,a.n.1o⁴o.

145 1004 222 1048 cum
238 992 418 1066 regnasset
429 992 578 1066 quatuor
591 985 704 1062 annis,
715 984 751 1045 in
768 985 851 1047 urbe
865 983 1012 1049 Oxoniae
1023 978 1093 1048 ¹de-
1108 955 1210 1045 ι’ῗῖῗξῗῖ

144 1084 283 1147 functus
312 1091 365 1147 est
384 1092 420 1147 et
441 1083 534 1166 apud
550 1083 899 1149 Westmonasterium
924 1085 1092 1167 sepultus.

145 1184 245 1246 Tunc
269 1202 440 1265 proceres,
463 1190 534 1246 tam
551 1182 747 1264 Anglorum
770 1202 874 1266 quam
901 1183 1093 1262 Danorum,

144 1283 180 1345 in
204 1301 307 1346 unam
334 1283 583 1347 concordantes
611 1284 831 1358 sententiam,
854 1281 1021 1346 miserunt
1044 1283 1093 1346 le-

144 1389 246 1462 gatos
268 1383 304 1445 in
332 1383 530 1445 Flandriam
553 1381 596 1445 ad
624 1401 739 1463 regem
758 1382 936 1446 Danorum
953 1381 1092 1446 Harde-

143 1489 298 1558 cnutum,
324 1482 383 1564 qui
412 1483 536 1545 ibidem
560 1500 638 1544 curn
664 1488 774 1544 matre
800 1483 1011 1558 morabatur,
1038 1502 1093 1545 ro·

144 1588 279 1662 gantes,
305 1589 343 1645 ut
367 1581 401 1644 in
416 1579 581 1662 Angliam
597 1580 730 1645 veniret
750 1589 974 1663 suscepturus
994 1583 1091 1663 regni

143 1680 321 1759 diadema3
355 1682 426 1762 qui,
451 1688 652 1762 magnatum
679 1679 904 1762 adquiescens
927 1681 1091 1757 consiliis,

142 1774 194 1843 in²
216 1779 380 1862 Angliam
395 1781 490 1844 venit
512 1788 548 1843 et
570 1786 750 1861 gratanter
772 1781 815 1843 ah
836 1781 993 1843 omnihus
1015 1799 1092 1844 sus·
1105 1797 1230 1837 suamne

142 1888 275 1961 ceptus,
301 1881 344 1941 ab
376 1879 516 1955 Eadsio,
547 1878 791 1943 cantuariensi
820 1879 1091 1961 archiepiscopo,
1105 1849 1212 1888 'm'

142 1986 365 2042 consecratur
386 1979 421 2041 in
443 1997 570 2058 regem.
624 1978 670 2042 Et
684 1998 766 2041 mox
782 1979 818 2041 in
841 1997 948 2059 regno
966 1978 1090 2042 confir-

142 2086 267 2154 matus,
291 2096 422 2140 memor
439 2077 644 2160 injuriarum
665 2096 743 2160 quae
765 2077 832 2140 sihi
847 2085 882 2140 et
897 2079 1000 2141 matri
1018 2096 1091 2141 suae

140 2176 248 2240 illatae
265 2176 402 2240 fuerant
418 2195 439 2239 a
461 2195 542 2257 rege
561 2175 720 2240 Haroldo
741 2176 992 2258 praedecessore
1015 2197 1090 2253 suo,

142 2277 235 2339 misit
265 2275 308 2338 ad
339 2276 457 2338 urbem
483 2275 739 2338 Londoniarum
767 2275 894 2339 milites
917 2284 953 2339 et
978 2278 1090 2340 carni-

140 2374 234 2452 fices,
252 2375 311 2457 qui
327 2375 437 2457 ipsius
455 2373 603 2438 Heroidi
624 2392 749 2457 corpus
760 2374 969 2452 effoderent,
985 2384 1021 2439 et
1036 2370 1090 2439 ³in

139 2474 336 2538 Thamesim
353 2475 480 2538 flumen
495 2474 729 2556 decapitatum
745 2474 952 2557 projicerent
965 2496 974 2555 ;
998 2474 1091 2557 quod

140 2592 217 2636 cum
232 2575 269 2637 in
285 2575 412 2637 flumen
434 2574 626 2657 projectum
641 2573 775 2650 suisset,
789 2581 869 2656 post
882 2575 986 2638 breve
1003 2582 1090 2638 tem·

139 2693 205 2754 pus
223 2674 407 2755 aquodam
423 2675 597 2755 piscatore
621 2679 795 2754 repertum
810 2680 875 2749 est,
898 2680 933 2736 et
950 2693 972 2736 a
985 2681 1089 2754 gente

140 2773 279 2836 Danica
307 2772 498 2837 Londoniis
535 2773 570 2835 in
609 2771 798 2836 coemiterio
828 2772 1008 2836 Danornm
1034 2792 1089 2836 se·

140 2871 289 2953 pultum.

337 3044 386 3108 Do
398 3045 494 3129 praei
508 3043 622 3109 ultione
636 3045 743 3109 mortis
756 3044 896 3129 Alfredi.

190 3168 236 3232 Et
255 3167 309 3230 his
331 3168 382 3231 ita
406 3167 525 3250 gestis,
554 3170 720 3251 praecepit
742 3189 803 3233 rex
827 3169 1012 3250 unicuique
1037 3186 1237 3231 re-ssaonnn

139 3269 223 3350 migi
241 3288 313 3331 suae
336 3268 458 3331 classis
479 3275 558 3332 ecto
574 3288 721 3345 marcas,
744 3276 779 3332 et
795 3261 1004 3334 ⁴rectorihus
1027 3287 1089 3331 na·
1103 3240 1225 3286 mm*

136 3368 230 3431 vium
258 3367 404 3449 singulis
430 3368 547 3431 decem
569 3387 716 3445 marcas,
743 3369 912 3450 degente
937 3368 1089 3450 Anglica

136 3467 260 3549 pendi;
278 3467 369 3531 unde
379 3468 524 3545 cunctis,
536 3469 596 3549 qui
607 3469 702 3549 prius
712 3469 825 3550 ipsum
836 3468 961 3531 habere
970 3488 1088 3549 regem

170 3717 327 3780 'Despectus
352 3724 421 3786 est]
455 3723 509 3773 The
536 3725 597 3774 Sex.
623 3740 699 3775 seven
716 3725 779 3788 days
796 3727 880 3776 before
896 3727 1071 3779 Midsummer.

135 3789 227 3839 Chron.
248 3793 333 3852 places
355 3792 396 3841 his
414 3794 490 3842 death
507 3809 539 3842 on
556 3795 598 3843 the
658 3793 711 3843 ’ln
732 3797 867 3846 Themesim
880 3797 1002 3860 flamen]
1031 3799 1091 3847 Flo·

134 3859 193 3908 rath
216 3861 307 3908 March
328 3865 400 3911 1039.
439 3863 598 3925 Malmsbury
623 3879 696 3914 rencs
721 3881 781 3927 says
803 3868 823 3915 it
842 3865 896 3915 iras
918 3868 972 3915 first
990 3867 1088 3916 thrown

133 3943 193 3989 says
211 3930 267 3978 that
276 3930 307 3979 he
319 3931 379 3980 died
396 3932 421 3979 in
432 3932 524 3994 April;
541 3935 599 3983 Flo·
623 3935 676 3983 into
692 3950 708 3983 a
726 3936 794 3998 einh,
805 3936 855 3984 and
867 3935 1019 3986 afterwards
1036 3939 1088 3987 into

133 4013 218 4060 rencs,
229 4001 255 4047 in
269 4004 342 4062 1⁰40,
353 4006 380 4049 at
392 4000 504 4051 London.
623 4004 665 4052 the
676 4006 751 4054 river.

167 4065 222 4116 'Ia
242 4069 361 4130 Anguem
383 4066 481 4138 venit]
506 4072 537 4120 In
556 4071 598 4121 the
659 4072 826 4123 ⁴Reeteribus
855 4075 954 4124 aecium
982 4075 1090 4138 nugulis

133 4138 217 4187 Saxon
237 4139 371 4188 Chronicle
392 4141 412 4188 it
428 4141 450 4189 is
469 4142 526 4190 said
544 4141 599 4190 that
623 4145 743 4207 decem]
772 4144 921 4194 ‘duodecim
951 4146 1089 4208 unicnique

132 4208 284 4258 Hardacnut
304 4210 397 4259 landed
414 4215 440 4258 at
463 4211 598 4261 sandwieh
625 4208 800 4276 gubernatori,¹
813 4214 880 4264 Flor.
