2888 4852
430 449 570 499 cnonas
593 448 862 496 msroarnnuu.
1048 433 1113 498 461

168 628 308 672 manum
321 608 342 688 3’
368 614 403 672 et
426 628 521 685 mox,
542 628 585 671 ne
606 608 774 672 tumultus
801 607 898 671 fieret
918 608 953 671 in
977 609 1119 691 populo,

170 709 294 773 ibidem
316 709 473 773 faucibus
498 706 687 772 suffocatus
715 708 810 772 etin
830 706 1027 772 Themesim
1055 709 1120 773 flu·

171 829 249 873 men
272 829 334 892 per
355 808 541 872 fenestram
565 806 804 890 praecipitatus
826 808 1031 890 proditionis
1047 828 1121 873 suae

171 910 286 972 subire
300 910 427 972 meruit
445 908 620 972 talionem.
663 907 718 971 De
735 914 845 971 morte
863 908 1001 990 quidem
1017 909 1121 992 hujus

172 1009 358 1091 proditoris
380 1001 455 1071 lalii
480 1007 581 1072 aliter
610 1007 799 1072 scribentes
828 1006 1003 1084 dixerunt,
1029 1008 1121 1092 qnod

172 1108 253 1172 dolo
275 1108 385 1191 ipsius
407 1107 589 1172 interfecto
612 1127 694 1189 rege
711 1106 927 1184 Eadmundo,
949 1108 1008 1171 ille
1027 1109 1122 1173 veni·

173 1227 235 1271 ens
262 1208 306 1272 ad
328 1206 523 1272 Cnutonem
549 1205 716 1272 salutavit
741 1226 831 1284 eum,
852 1206 980 1285 dicens,
1006 1207 1122 1286 ‘Ave,

175 1327 237 1372 rex
256 1305 374 1372 solus!
425 1305 581 1389 Cumque
604 1306 649 1370 ad
670 1307 978 1389 interrogationem
994 1307 1123 1374 Cnuto·

175 1409 241 1484 nis,
258 1427 365 1489 quaro
387 1407 437 1471 sic
459 1427 537 1471 eum
560 1407 760 1484 salutasset,
777 1413 812 1471 et
835 1425 906 1469 rem
929 1416 1063 1489 gestam
1080 1410 1123 1474 de
1187 1472 1194 1481 ,

176 1515 285 1572 morte
303 1507 498 1571 Eadmrmdi
518 1507 739 1583 denudasset,
753 1507 932 1589 respondit
948 1508 979 1571 ei
995 1507 1124 1586 dicens,

175 1613 185 1641 ⁴
198 1608 273 1690 Ego
289 1614 324 1671 te
338 1607 505 1684 bodie,ob
521 1607 611 1670 tanti
628 1607 789 1670 meritum
804 1607 973 1688 obsequii,
983 1607 1124 1671 reddam

175 1709 309 1772 cunctis
325 1706 424 1789 regni
438 1707 636 1789 proceribus
651 1705 855 1770 celsiorem'
905 1706 928 1771 J
931 1708 1021 1771 ussit
1042 1727 1125 1790 ergo

176 1827 254 1871 enm
270 1806 387 1872 Cnuto
410 1806 614 1889 excapitari,
636 1813 671 1870 et
694 1814 799 1888 capnt
818 1805 855 1869 in
877 1807 994 1888 stipite
1017 1808 1125 1871 fixum

177 1927 280 1990 snper
304 1915 434 1972 turrem
453 1906 712 1971 Londoniarum
736 1907 860 1970 avibus
885 1908 1037 1990 exponi3
1064 1908 1125 1971 sed

178 2009 251 2072 sive
278 2009 341 2085 sic,
371 2007 445 2071 sive
471 2006 584 2082 aliter,
600 2006 709 2069 vitam
729 2005 855 2070 finierit
883 2006 1039 2088 proditor
1055 2008 1126 2084 ille,

178 2127 247 2171 non
276 2107 423 2170 multum
452 2104 496 2169 ad
522 2125 594 2169 rem
619 2104 781 2187 pertinet,
800 2106 883 2187 quia
908 2106 973 2171 boc
999 2107 1128 2190 liquide

178 2215 327 2283 constat,
339 2204 431 2289 quod
442 2205 512 2282 ille,
524 2205 584 2287 qui
598 2205 727 2268 multos
744 2205 940 2287 deceperat,
947 2206 1047 2290 justo
1061 2207 1128 2272 Dei

173 2306 306 2388 judicio
320 2306 576 2371 damnationem
591 2305 799 2387 condignam
814 2305 972 2371 incurrit.

233 2522 321 2602 Quod
333 2542 387 2586 ree
403 2521 501 2586 Uncto
515 2542 613 2586 omnes
612 2520 716 2687 ἔα
679 2521 761 2608 rapio
773 2543 880 2610 penore
893 2520 932 2586 od
947 2522 1068 2609 Aaplio

576 2644 613 2686 ec
683 2622 738 2686 cit.

232 2753 301 2816 His
323 2754 374 2817 ita
393 2753 514 2836 gestis,
529 2755 654 2818 statuit
671 2752 787 2819 Cnuto
809 2754 1104 2819 immutabiliter
1093 2771 1183 2861 ιιιιιῐιι
1176 2771 1275 2811 ιιηιιιιιι
1199 2774 1285 2871 Μιὲιῖιιι
1408 2740 1412 2748 ’

181 2853 295 2917 animo
312 2873 388 2929 suo,
403 2872 504 2917 omne
524 2872 633 2934 genus
653 2855 785 2936 regium
806 2854 919 2938 gentis
937 2833 1157 2936 Anglorum⁰
1145 2822 1244 2922 onufr·ro

181 2952 323 3035 perdere
345 2951 402 3016 vel
429 2952 553 3017 exsilio
581 2955 723 3036 perenni
748 2954 942 3037 deportare,
972 2954 1062 3019 unde
1088 2957 1133 3019 ab

183 3053 362 3130 Eadwino‚
387 3051 494 3116 fratre
519 3054 611 3134 regis
635 3054 830 3118 Eadmuudi
852 3075 897 3118 ex
921 3054 1077 3132 matre,
1067 3055 1133 3119 rni-

182 3153 269 3215 tium
287 3171 438 3229 sumens,
452 3152 565 3216 lictori
580 3152 728 3232 cuidam,
743 3155 880 3219 nomine
899 3154 1134 3233 Ethelwardo,

183 3251 280 3315 illum
306 3251 447 3317 tradidit
471 3250 515 3316 ad
542 3253 756 3334 necandum3
785 3254 846 3318 sed
864 3253 918 3318 vir
941 3254 1011 3333 ille,
1030 3254 1134 3339 juve·

184 3373 261 3416 nem
290 3352 450 3435 diligens,
471 3350 614 3417 tradidit
639 3353 675 3417 in
697 3354 846 3437 quadam
874 3355 1015 3418 abbatia
1035 3354 1133 3419 illum

184 3452 475 3530 abscondendum,
500 3460 535 3515 et
557 3453 607 3515 sic
624 3452 671 3515 'ad
690 3460 827 3536 tempus
843 3473 864 3517 a
878 3455 998 3519 mortis
1013 3454 1134 3520 discri-

184 3553 275 3616 mine
296 3552 468 3616 liberavit.
522 3551 632 3616 Filios
650 3573 789 3636 quoque
815 3555 905 3635 regis
926 3553 1133 3634 Eadmuudi,

185 3646 406 3717 Eadwinum²
425 3659 461 3716 et
479 3651 722 3731 Eadwardum,
742 3653 785 3717 ad
806 3674 922 3737 regem
940 3654 1134 3719 Suanorum

186 3752 402 3833 perimendos
433 3751 583 3832 direxit3
613 3752 686 3831 sed,
707 3753 787 3818 licet
817 3755 848 3818 ei
877 3754 1133 3820 confoederatus

185 3850 319 3928 fuisset,
345 3851 518 3915 mandatis
539 3851 711 3917 Cnutonis
740 3873 809 3918 non
832 3852 1022 3937 adquievit,
1052 3856 1135 3937 quia

221 4119 378 4170 'Aliioliter
388 4121 541 4186 scribentes]
559 4123 649 4186 Henry
709 4121 720 4153 ²
740 4123 925 4187 liudwidum]
948 4123 1033 4173 before
1055 4112 1138 4174 called

185 4192 219 4310 (ἐξ
219 4191 397 4312 gpptingdom
403 4192 453 4242 and
460 4193 549 4242 Ailred
557 4193 586 4242 ot
592 4194 651 4243 Rie-
675 4189 885 4255 ‘unemundus'
896 4194 946 4243 aud
964 4193 1066 4257 rightly.
