2888 4852
354 395 420 459 254
612 410 746 458 noonm
771 410 817 457 nu
841 409 1046 457 wnunovnn

356 568 458 632 simul
476 576 512 632 ct
526 568 699 651 lapidibus
722 568 882 652 pretiosis
900 567 1101 642 fabrefacto,
1119 565 1177 647 pia
1195 565 1305 647 patris

357 669 505 751 pignora
525 675 761 750 reponuntur3
785 687 854 750 quo
875 667 911 731 in
934 667 1011 731 loco
1032 685 1141 748 usqne
1156 664 1191 728 in
1206 665 1307 729 hodi·

357 788 477 832 ernum
493 767 581 831 diem
598 767 718 832 divina
738 788 807 832 non
829 767 992 831 desinunt
1014 765 1180 830 celebrari
1202 765 1306 829 mira·

357 868 449 944 cula,
460 867 533 944 sed,
545 867 664 932 multis
679 867 909 943 cernentibus,
928 866 1042 930 surdis
1055 866 1103 930 ibi
1118 865 1306 929 restituun-

358 974 416 1030 tur
429 967 581 1044 auditus,
595 967 727 1032 claudis
744 986 896 1050 gressus,
909 967 1011 1030 cacis
1020 966 1130 1042 visus,
1146 973 1182 1029 et
1198 964 1307 1028 omni-

356 1067 421 1130 bus
444 1086 523 1130 cnm
544 1067 671 1130 fidncia
693 1068 786 1132 beati
807 1067 970 1150 martyris
993 1065 1162 1130 auxilium
1183 1064 1307 1146 implo-

357 1167 527 1243 rantibus,
550 1186 571 1231 a
599 1167 676 1232 Deo
707 1166 832 1231 mentis
863 1174 899 1230 et
929 1165 1084 1248 corporis
1111 1165 1307 1247 impertitur

356 1265 552 1330 desiderata
574 1266 679 1330 salus.
733 1265 825 1331 Acta
850 1274 966 1330 antem
988 1272 1071 1330 sunt
1095 1264 1169 1329 haec
1185 1283 1208 1328 a
1224 1283 1305 1346 pas·

355 1366 454 1430 sione
475 1365 551 1449 ejus
573 1385 664 1431 anno
686 1361 980 1450 ¹quingentesimo
1001 1365 1160 1448 septimo,
1184 1365 1228 1428 ab
1246 1364 1306 1427 ad-

356 1472 463 1530 ventu
506 1464 700 1548 Anglorum
737 1466 774 1530 in
812 1465 1029 1530 Britanniam
1066 1463 1306 1528 trecentesimo

355 1565 621 1648 quadragesimo
643 1574 781 1650 quarto,
798 1565 985 1631 indictione
1007 1564 1130 1648 prima,
1147 1563 1306 1628 kalendis

357 1663 521 1746 Augusti.

362 1825 473 1893 Utres
490 1829 561 1912 Offu
575 1830 707 1895 Romam
714 1850 844 1915 perpera
852 1839 985 1914 pratum
992 1830 1168 1914 pomtinis
1180 1830 1296 1893 emeat.

407 1950 477 2016 His
501 1953 552 2016 ita
580 1952 688 2034 gostis
714 1959 886 2016 convocat
912 1970 975 2014 rex
1000 1950 1126 2014 ibidem
1148 1943 1305 2034 ²provin·

354 2050 442 2116 ciale
463 2052 658 2129 concilium,
681 2059 716 2115 et
743 2071 820 2116 cnm
848 2050 1107 2133 archiepiscopo
1130 2049 1306 2114 Humber-

355 2158 404 2229 to,
436 2152 577 2234 suisque
607 2151 835 2233 suffraganeis
868 2157 904 2215 et
933 2150 1136 2233 primatibus
1169 2150 1306 2214 univer-

355 2250 417 2326 sis,
448 2258 577 2314 tractat
614 2251 657 2314 de
686 2258 859 2315 conventu
897 2248 1142 2312 monachorum
1168 2250 1204 2312 in
1227 2249 1304 2314 loco

355 2348 417 2414 illo
448 2350 692 2432 congregando
719 2358 824 2432 atque
854 2348 1013 2414 coenobio
1041 2348 1304 2430 privilegiando,

357 2440 416 2513 ubi
434 2449 699 2532 protomartyris
721 2450 818 2531 regni
841 2449 895 2512 sui
920 2448 1084 2530 reliquias
1106 2449 1250 2525 invenit,
1270 2457 1305 2513 et

357 2568 460 2632 quem
485 2549 596 2612 locum
620 2568 685 2613 suo
711 2549 881 2630 sanguiue
905 2549 1130 2612 consecravit.
1183 2547 1306 2613 Placet

358 2648 517 2712 omnibus
552 2648 643 2730 regis
675 2649 903 2732 propositum,
933 2648 1033 2729 eique
1063 2648 1303 2731 episcoporum

358 2746 479 2812 laudat
505 2749 698 2826 consilium,
725 2758 764 2814 ut
787 2748 993 2812 auctoritate
1017 2746 1167 2811 Romani
1189 2747 1305 2830 ponti-

358 2846 432 2911 licis
449 2849 685 2926 canonizatur,
699 2847 801 2912 simul
823 2855 859 2911 et
873 2846 1112 2931 privilegietur
1131 2857 1305 2912 monaste·

358 2947 445 3011 rium
463 2947 500 3010 in
514 2947 678 3012 honorem
694 2948 857 3030 martyris
868 2947 1005 3010 noviter
1018 2948 1283 3011 construendum
1296 2968 1304 3027 ;

358 3054 394 3110 et
416 3046 490 3110 haec
512 3048 628 3112 omnia
653 3055 693 3111 ut
712 3048 903 3129 digniorem
922 3046 1113 3110 sortiantur
1136 3049 1306 3125 ellectum,

357 3146 562 3226 consulitur,
580 3155 619 3211 ut
641 3168 703 3230 per
725 3147 860 3230 legatos
877 3166 899 3211 a
915 3146 1023 3210 latere
1046 3145 1137 3228 regis
1153 3145 1306 3210 destina·

358 3251 425 3323 tos,
448 3255 510 3311 aut
535 3246 569 3309 in
592 3248 733 3329 propria
757 3265 918 3329 persona,
941 3266 1003 3309 rex
1028 3245 1102 3329 ipse
1128 3265 1232 3328 super
1254 3245 1307 3309 his

357 3364 436 3409 cum
461 3346 558 3409 curia
583 3353 709 3410 tractet
733 3346 902 3411 Romana.
956 3345 1036 3409 Rex
1059 3365 1141 3408 vero
1166 3365 1306 3409 suorum

358 3444 583 3527 adquiescens
603 3447 747 3510 consilio
772 3447 981 3511 laboriosum
1007 3444 1153 3526 arripuit
1175 3446 1253 3523 iter,
1270 3454 1306 3509 ut

358 3543 449 3607 sicut
472 3545 593 3609 beatus
619 3544 778 3609 Albanus
808 3552 1043 3629 protomartyr
1075 3544 1209 3609 refulsit
1235 3543 1307 3609 An·

358 3643 506 3725 glorum,
522 3645 572 3708 ita
595 3647 841 3710 monasterium
860 3645 935 3728 ejus
952 3645 1110 3708 omnibus
1126 3645 1223 3726 regni
1240 3666 1309 3709 coe·

391 3850 400 3885 ¹
415 3855 613 3918 Quisgeutesimo
623 3856 745 3920 septima]
757 3855 819 3904 This
846 3855 936 3904 reader
947 3869 1005 3915 may
1014 3855 1045 3903 be
1056 3853 1308 3906 referredtoSmith's

356 3925 442 3974 would
453 3927 511 3987 give
520 3926 562 3974 the
571 3925 630 3974 date
641 3926 670 3975 os
678 3927 704 3976 S.
713 3925 820 3974 Albnu's
847 3926 927 3984 Beda,
939 3923 1057 3985 Append.
1069 3921 1081 3988 §
1094 3924 1127 3972 iv.

356 3995 519 4056 martyrdonr,
529 3999 594 4056 286;
610 3996 655 4044 but
666 3995 698 4044 hc
709 3996 732 4045 is
745 4010 820 4057 genc-
879 3991 1055 4043 ’Prorinriule
1071 3992 1218 4057 concilium]
1237 3996 1309 4058 Spei.

357 4064 592 4127 rallysupposedto
602 4065 782 4114 havcsnllcred
794 4065 820 4112 in
845 4079 901 4113 mun
919 4065 1006 4125 places
1022 4063 1072 4111 this
1089 4068 1115 4111 at
1131 4062 1264 4128 Celclryth,
1281 4083 1309 4115 or

357 4137 414 4185 805.
440 4136 582 4184 Weudorer
593 4136 681 4196 places
692 4136 732 4183 his
743 4135 819 4184 death
846 4134 1014 4195 Chalclruthc‚
1030 4133 1073 4182 tlre
1093 4133 1185 4181 second
1208 4138 1307 4185 council

355 4203 382 4251 in
405 4208 461 4255 808.
511 4206 585 4265 Upon
607 4205 658 4253 this
680 4206 751 4267 point
778 4205 820 4253 the
846 4205 904 4253 held
916 4210 942 4253 at
950 4204 1004 4252 that
1012 4202 1208 4264 placc300ncil.
1216 4220 1242 4266 p.
1251 4210 1309 4256 818.
