2888 4852
351 399 417 466 298
612 416 747 466 nocant
772 413 819 465 na
842 417 1049 466 wnnoovaa

351 595 435 660 pore
466 595 594 657 magna
621 576 802 641 Danorum
832 576 954 642 classis
987 576 1023 640 in
1049 573 1216 657 Angliam
1243 595 1302 640 ve·

352 676 463 751 niens,
488 676 525 739 in
547 677 688 759 regione
705 676 925 741 orientalium
946 675 1139 758 Anglorum
1159 675 1302 758 hyema-

352 775 415 853 vit,
431 776 490 838 ubi
505 783 541 839 et
553 777 706 841 maxima
723 796 805 860 pars
819 797 949 855 eorum,
963 777 1024 861 qui
1040 775 1174 859 pedites
1189 783 1301 853 erant,

353 869 548 958 ¹equestres
563 876 675 941 effecti
691 884 784 942 sunt.

690 1046 858 1112 Adrianus
865 1068 968 1133 popu.

403 1171 507 1236 Anno
525 1171 666 1235 Domini
680 1188 887 1237 ncccnxvrr.
903 1191 996 1255 papa
1006 1164 1209 1248 'Adrianus
1223 1178 1303 1254 post

355 1256 553 1348 Nicolaum,
569 1271 659 1336 sedit
680 1272 716 1335 in
739 1273 904 1336 cathedra
921 1272 1082 1336 Romana
1099 1272 1200 1335 annis
1215 1289 1302 1353 qua·
1367 1357 1369 1361 Ι

354 1379 442 1435 tuor.
475 1364 623 1435 ³Eodem
638 1391 730 1436 anno
744 1372 924 1436 Danorum
936 1371 1103 1437 nefandus
1117 1370 1303 1448 exercitus,

353 1471 389 1534 in
403 1471 458 1535 die
476 1471 636 1535 Omnium
650 1471 868 1549 Sanctorum,
883 1473 927 1535 ab
942 1471 1167 1536 orientalibus
1176 1469 1302 1551 Anglis

355 1570 399 1634 ad
414 1570 666 1634 Eboracensem
683 1571 858 1635 civitatem
873 1571 1047 1653 migravit.
1099 1569 1180 1650 Quo
1196 1568 1302 1633 etiam

354 1678 509 1754 tempore
532 1671 685 1734 maxima
708 1671 799 1735 inter
824 1671 859 1735 N
862 1670 1151 1734 orthanhumbros
1174 1669 1304 1732 discor-

353 1769 413 1834 dia
444 1771 611 1847 excitata,
651 1771 800 1854 populus
831 1791 946 1853 regem
977 1790 1078 1834 suum
1110 1769 1302 1851 legitimum

354 1869 540 1934 Osbertum
562 1871 777 1953 expellentes
801 1889 824 1934 a
846 1890 965 1953 regno,
989 1878 1172 1953 tyrannum
1196 1888 1304 1952 quen·

353 1969 433 2034 dam
448 1970 561 2034 Ellam
577 1971 726 2047 nomine,
742 1990 811 2034 non
832 1970 875 2034 de
901 1970 1062 2053 prosapia
1074 1969 1184 2051 regali
1205 1968 1303 2050 geni·

353 2078 440 2146 tum,
455 2089 559 2153 super
573 2071 669 2152 regni
684 2071 817 2153 apicem
834 2071 1032 2134 extulerunt
1045 2090 1054 2149 3
1080 2069 1141 2133 sed
1159 2068 1303 2132 consilio

354 2168 484 2246 divino,
517 2169 780 2234 advenientibus
809 2170 933 2247 Danis,
960 2169 1130 2234 Osbertus
1163 2175 1199 2232 et
1224 2167 1304 2232 Ella

330 2287 332 2291 ’
355 2288 475 2351 pacem
500 2269 654 2334 fecerunt
670 2271 761 2333 inter
786 2289 909 2352 septo
933 2270 1085 2333 utilitate
1108 2269 1303 2348 communi;

355 2369 415 2450 qui
427 2367 555 2454 *deinde
567 2368 700 2451 junctis
718 2369 848 2432 viribus
872 2370 1022 2453 copiosis
1039 2370 1159 2432 urbem
1174 2368 1305 2432 adeunt

357 2468 621 2545 Eboracensem,
647 2469 773 2551 quibus
800 2469 1069 2534 adventantibus
1091 2469 1218 2551 pagani
1249 2467 1304 2530 su·

356 2586 437 2649 gam
463 2567 644 2632 confestim
669 2569 850 2652 arripiunt,
874 2569 965 2632 infra
991 2569 1085 2632 urbis
1115 2568 1245 2632 moenia
1267 2587 1305 2632 se

355 2666 540 2731 defendere
580 2668 814 2747 decernentes,
854 2689 942 2751 quos
979 2687 1078 2750 reges
1117 2668 1305 2732 Christiani

356 2767 578 2850 insequentes
595 2776 630 2833 et
647 2770 849 2832 acerrimum
875 2770 910 2832 in
934 2769 1051 2833 hostes
1064 2769 1231 2850 impetum
1253 2767 1306 2831 sa·

357 2868 499 2944 cientes,
525 2868 619 2931 urbis
649 2869 778 2932 moenia
806 2870 1022 2932 subvertunt.
1074 2868 1230 2933 Tandem
1252 2867 1305 2931 in-

357 2970 467 3049 gressi
492 2967 680 3046 civitatem,
713 2988 865 3052 pugnam
891 2975 1012 3040 contra
1042 2987 1210 3052 paganos,
1240 2968 1306 3031 sibi

358 3066 458 3131 nimis
473 3067 687 3142 damnosam,
699 3068 958 3147 commiserunt3
976 3088 1055 3131 nam
1069 3067 1105 3130 in
1117 3067 1177 3130 illa
1188 3087 1306 3150 pugna
1331 3061 1333 3065 ’

356 3167 553 3231 ceciderunt
568 3188 666 3250 reges
684 3168 853 3232 Osbertus
867 3178 903 3232 et
920 3168 1010 3244 Ella,
1024 3176 1146 3232 etcum
1162 3168 1213 3230 eis
1226 3174 1306 3231 octo

357 3268 530 3346 consules,
548 3268 583 3330 in
600 3268 655 3332 die
672 3266 885 3344 Palmarum,
900 3287 978 3331 cum
995 3269 1175 3332 turbarum
1189 3267 1306 3330 multi·

357 3368 476 3430 tudine
492 3369 643 3449 copiosa.
675 3368 811 3431 Deinde
827 3366 1222 3432 nefandissimivictores
1232 3367 1306 3429 Da-

358 3467 406 3542 ni,
422 3474 532 3530 totam
553 3466 936 3531 Northanhumbrorum
962 3467 1175 3550 provinciam
1197 3486 1307 3549 usque

357 3565 401 3628 ad
429 3567 556 3629 ostium
571 3566 682 3648 Tynae
704 3566 853 3630 fluminis
878 3567 1141 3650 depopulantes,
1157 3568 1307 3650 patriam

356 3663 434 3742 sibi,
451 3666 552 3730 victis
568 3666 738 3743 hostibuS,
755 3667 992 3732 subdiderunt.
1044 3669 1144 3732 Tunc
1167 3666 1308 3750 regibus

290 3848 315 3882 ‘⁶
355 3886 360 3893 ·
393 3862 566 3929 Ἕρμωνα]
592 3867 716 3928 Compare
735 3867 821 3929 Carte,
880 3865 992 3916 ’Eodem
1013 3861 1101 3935 aum]
1124 3867 1248 3928 Compare
1266 3867 1309 3917 the

359 3934 429 3984 Hist.
441 3937 458 3984 i.
471 3951 497 3996 p.
508 3939 565 3984 297.
845 3937 986 3986 remainder
1003 3939 1033 3986 ol
1052 3938 1102 3986 thia
1125 3937 1229 3998 chapter
1246 3938 1309 3986 with

353 4015 356 4020 '
391 3999 563 4073 'Adrianus‚]
588 4006 629 4054 the
652 4007 762 4066 second;
789 4007 820 4055 he
845 4007 1168 4068 Asser‚Sax.Chron.aud
1181 4007 1310 4068 Florence,

353 4075 415 4124 died
435 4076 461 4123 in
480 4080 537 4137 8⁷2,
556 4077 677 4125 recorded
696 4077 778 4126 below
794 4077 820 4125 in
845 4079 878 4126 ad
890 4093 931 4128 an.
969 4077 1135 4139 Hnntingdon
1147 4091 1207 4138 says
1218 4077 1272 4126 that
1283 4084 1310 4126 ut

354 4149 419 4206 878;
437 4160 465 4195 so
477 4146 531 4194 that
542 4145 584 4195 tlre
595 4147 722 4208 ‘quatuor
732 4148 820 4197 annia’
846 4149 896 4196 this
907 4150 966 4196 lime
978 4148 1043 4197 their
1054 4149 1153 4198 leaders
1164 4162 1231 4197 wera
1243 4148 1311 4197 llin-

354 4215 377 4264 is
388 4216 482 4277 clearly
494 4231 510 4265 a
521 4217 638 4267 mielake.
846 4233 910 4281 guar
921 4218 971 4268 aad
983 4219 1066 4268 Ubba.
