2888 4852
439 432 572 479 rnoans
597 432 865 482 msroamauu.
1062 417 1128 480 495

181 587 331 651 cordiam
362 587 610 673 conuenerunt.
665 590 793 654 Eodem
826 609 917 653 anno
957 589 1261 695 norman-sulpur

183 705 258 763 nus,
291 687 588 753 Ramesberiensis
611 690 805 772 episcopus,
829 691 939 753 iratus
966 708 1007 753 eo
1034 691 1125 771 quod
1139 656 1205 696 m
1235 666 1265 704 η’

180 805 242 848 rex
258 788 444 852 concedere
469 788 580 852 noluit
593 796 633 852 ut
648 789 764 853 sedem
781 787 1009 871 episcopalem
1033 789 1125 871 apud

177 883 397 950 Salesbiriam
414 888 628 964 transferret,
652 888 889 971 episcopatum
911 889 1053 964 dimisit,
1073 896 1126 952 at·

178 1004 247 1065 que
258 978 368 1049 ¹mare
378 989 548 1051 transiens
562 987 652 1069 apud
664 995 822 1050 sanctum
835 987 1014 1051 Bertinum
1029 987 1125 1050 habi·

179 1091 251 1146 tum
268 1085 504 1150 monachalem
518 1087 681 1168 suscepit,
695 1088 864 1170 annisque
874 1087 985 1150 trihus
998 1088 1034 1150 in
1050 1088 1126 1168 ipso

179 1185 336 1247 coenohio
354 1184 535 1250 habitavit.
588 1185 727 1248 Primus
743 1185 1039 1249 Rameshcriensis
1054 1186 1126 1268 epi-

178 1301 304 1364 scopus
321 1285 457 1348 exstitit
474 1284 710 1361 Ethelstanus,
727 1286 898 1349 secundus
917 1284 1006 1361 Odo,
1029 1292 1124 1367 post·

179 1399 221 1444 ea
239 1380 499 1447 cantuariensis
517 1383 806 1466 archiepiscopus,
826 1385 950 1448 tertius
968 1384 1123 1461 Osullus,

178 1473 341 1560 ²quartus
358 1481 523 1564 Algarus,
540 1483 682 1565 quintus
699 1482 876 1560 Elstanus,
897 1492 1019 1547 sextus
1041 1484 1124 1547 Siri-

179 1580 263 1656 cius,
278 1582 445 1663 septimus
460 1582 625 1658 Alsricus,
636 1589 781 1646 octavus
796 1582 1050 1661 Brithwoldus3
1069 1583 1125 1647 hic

179 1699 201 1742 a
212 1686 365 1762 tempore
378 1682 469 1762 regis
486 1681 662 1745 Ethelredi
674 1701 783 1763 usque
798 1683 842 1747 ad
853 1690 1012 1746 sanctum
1031 1682 1124 1746 Ead-

178 1779 332 1842 wardum
360 1780 508 1845 duravit.
562 1781 617 1844 De
643 1781 708 1844 hoc
741 1801 878 1864 quoque
908 1781 1124 1846 Brithwoldo

177 1878 316 1960 legitur,
329 1879 422 1962 quod
436 1898 514 1944 cum
529 1880 622 1961 regis
639 1879 810 1944 Cnutonis
829 1881 1041 1963 temporibus
1058 1881 1125 1944 sre-

178 1986 325 2058 quenter
347 1980 516 2061 cogitaret
540 1979 583 2043 de
607 1981 704 2061 rogia
729 1981 838 2063 stirpe
861 1981 975 2062 gentis
991 1978 1125 2062 Anglo·

178 2097 265 2153 rum,
274 2077 350 2161 jam
368 2099 467 2161 paene
482 2078 608 2154 deleta,
622 2079 652 2142 si
669 2087 761 2143 esset
774 2080 817 2144 de
834 2087 960 2143 caetero
976 2079 1125 2143 redinte-

178 2177 322 2256 granda,
345 2186 446 2260 nocte
469 2177 618 2259 quadam
643 2179 678 2240 in
708 2187 820 2242 stratu
844 2179 1018 2243 dormiens
1045 2198 1124 2261 rap·

177 2284 234 2338 tus
256 2284 310 2339 est
330 2277 367 2339 in
390 2296 551 2360 supema‚
569 2278 627 2341 ubi
642 2278 728 2341 vidit
747 2278 982 2360 apostolorum
998 2278 1125 2361 princi·

178 2393 255 2455 pom
273 2375 428 2453 Petrum,
445 2376 687 2453 Eadwardum,
709 2378 768 2459 qui
785 2397 875 2441 nunc
890 2384 1025 2460 regnat,
1042 2386 1125 2441 tunc

177 2475 213 2536 in
244 2473 458 2540 Normannia
487 2476 718 2553 exsulantem,
751 2478 911 2540 manibus
942 2484 1058 2541 tenere
1090 2485 1125 2541 et

178 2594 255 2637 eum
280 2576 315 2638 in
339 2595 453 2658 regem
478 2595 691 2653 consecrare,
711 2584 817 2659 atque
842 2577 998 2640 coelibem
1016 2576 1125 2640 vitam

178 2673 275 2736 illum
307 2674 490 2739 ducturum
521 2683 557 2739 et
587 2676 687 2738 annis
716 2675 840 2756 viginti
870 2683 1021 2757 quatuor
1047 2694 1126 2756 reg·

181 2781 343 2837 naturum
372 2773 534 2837 ostendit.
597 2773 719 2837 Eidem
744 2794 882 2856 quoque
910 2774 1125 2838 Brithwoldo

177 2873 346 2953 quaerenti
376 2873 420 2936 de
447 2873 663 2936 successione
693 2892 812 2953 regum
835 2871 975 2955 Angliae
999 2873 1126 2937 dicitur

176 2990 252 3034 csse
269 2977 504 3055 responsum,‘
517 2971 677 3054 Regnum
688 2971 827 3054 Angliae
845 2973 913 3036 Dei
927 2980 992 3050 est,
1008 2973 1125 3054 etipse

176 3071 242 3133 sihi
259 3089 357 3152 reges
371 3071 588 3153 providebit’
640 3070 863 3135 Hermannus
880 3071 988 3154 igitur
1004 3090 1131 3153 supra⁴

177 3169 291 3233 dictus
306 3168 350 3232 ad
368 3189 468 3234 suum
492 3171 728 3253 episcopatum
748 3190 918 3249 reversus,
934 3190 1016 3253 rego
1032 3170 1124 3234 Ead-

180 3269 296 3333 wardo
321 3270 542 3346 concedente,
562 3271 799 3352 episcopatum
824 3269 1124 3335 Scireburnensem

176 3387 254 3431 cum
282 3368 560 3433 Ramesheriensi
591 3369 818 3452 conjungens,
841 3370 933 3453 apud
960 3370 1125 3434 Sareshe·

175 3469 261 3533 riam
276 3470 393 3534 sedem
409 3467 587 3533 transtulit
601 3468 845 3533 cathedralem.

384 3640 559 3727 Leraporus
572 3640 729 3726 episcopus
736 3639 918 3725 perimitur.

227 3762 331 3827 Anno
347 3764 488 3828 Domini
507 3782 608 3828 uum.
627 3765 866 3841 Ethelstanus‚
887 3763 1123 3828 Hereforden-
1137 3784 1260 3825 aunon.

211 3999 304 4050 ¹More
323 4001 465 4065 transiera]
483 4003 583 4066 During
598 4005 638 4053 his
697 4000 829 4058 'Quartus
847 4002 979 4065 Algam]
999 4002 1053 4050 'l'he
1072 4007 1126 4051 text

176 4072 283 4120 absence
295 4070 451 4119 theseewas
463 4071 522 4120 held
535 4074 569 4133 by
578 4073 639 4122 Eal-
664 4073 762 4121 follows
796 4072 973 4133 Malmshury;
1006 4073 1126 4120 Florence

175 4141 237 4189 dred
257 4139 554 4203 hishopolll'orcestcr;
571 4144 639 4193 Flor.
664 4148 724 4204 puts
746 4142 838 4203 Allgar
865 4142 891 4189 in
919 4143 961 4190 tha
983 4141 1048 4201 fifth,
1075 4141 1125 4189 aud

175 4211 207 4259 ad
219 4226 260 4260 au.
275 4214 345 4258 1058.
664 4212 784 4261 Althstan
794 4213 819 4259 in
831 4211 872 4260 the
884 4211 967 4260 fourth
978 4213 1060 4274 place.
