2888 4852
405 451 546 500 rnonss
568 452 841 504 fflsronrsnuu.
1052 437 1097 503 73

195 686 399 753 Justioioous
405 685 658 773 ponficotiooao
672 683 763 751 bola
776 685 895 752 Morio
909 685 1057 753 eekdrori

540 787 708 852 11111ίὶ11111.

196 910 301 978 Anno
314 913 438 995 gratiae
452 929 542 978 uxr..
554 906 663 996 ¹apud
678 913 886 997 Byzantium
896 931 1024 996 magna
1035 911 1096 977 ho·
1109 934 1220 976 111111.

147 1014 280 1078 minum
306 1014 501 1078 mortalitas
523 1012 618 1078 sacta
642 1021 720 1094 est;
744 1032 814 1096 qua
839 1013 882 1079 de
901 1031 1019 1091 causa,
1037 1014 1096 1098 ju·

145 1115 248 1178 bente
269 1114 478 1196 imperatore
494 1113 517 1178 J
521 1115 709 1192 ustiniano,
723 1113 832 1196 coepit
848 1113 1014 1178 celebrari
1040 1133 1096 1178 so·

147 1214 299 1278 lennitas
327 1221 459 1278 sanctas
486 1213 555 1279 Dei
576 1215 765 1297 genitricis,
789 1233 868 1296 quae
895 1213 1097 1279 Purificatio

148 1314 287 1390 dicitur,
300 1313 356 1378 die
378 1315 532 1379 secunda
545 1315 726 1379 Februarii
743 1314 882 1391 mensis,
897 1321 933 1378 et
947 1315 1098 1379 cessavit

150 1413 358 1479 mortalitas.
395 1414 465 1480 Per
478 1415 568 1480 idem
585 1423 721 1498 tempus
736 1414 939 1493 Modredus,
950 1412 1097 1479 Arthuri
1109 1435 1226 1484 nasim

148 1535 269 1598 nepos,
293 1515 350 1578 cui
373 1514 464 1579 idem
479 1513 656 1579 Arthurus
681 1515 899 1579 Britanniam
920 1486 1234 1579 commise⁰‘“⁰‘¹¹⁰⁶'

148 1622 215 1693 rat,
228 1615 424 1680 diademate
439 1615 533 1680 illius
548 1635 624 1679 sese
641 1614 770 1680 lecerat
787 1615 957 1698 insigniri,
972 1608 999 1699 [²
1006 1616 1097 1698 regi·

149 1734 300 1799 namque
323 1714 604 1780 Guenhumaram
632 1717 668 1779 in
696 1716 908 1780 consortium
930 1717 997 1780 tori
1021 1735 1097 1780 sus·

148 1816 318 1899 ceperat]
343 1816 475 1880 violato
494 1816 574 1901 jure
595 1817 748 1900 priorum
772 1817 991 1899 nuptiarum;
1014 1836 1097 1880 con·

147 1915 338 1981 foederatus
356 1923 432 1981 erat
454 1916 651 1981 Saxonibus
671 1916 827 1999 proditor
841 1916 912 1995 ille,
930 1917 989 1998 qui
1011 1915 1098 1980 duce

150 2015 332 2081 Cheldrico
358 2025 527 2081 venerunt
557 2037 600 2082 ex
630 2015 820 2082 Germania
845 2037 924 2081 cum
951 2017 1109 2080 navibus·

148 2117 308 2181 ducentis
341 2118 508 2181 militibus
538 2117 662 2199 plenis,
688 2118 748 2200 qui
778 2136 897 2180 omnes
930 2116 1098 2181 Modredo

149 2217 248 2300 quasi
265 2217 405 2281 domino
421 2218 630 2282 serviebant.
672 2216 829 2299 Cumque
846 2218 947 2281 istius
960 2217 1099 2281 sceleris

149 2316 292 2380 infamia
306 2317 350 2381 ad
366 2335 468 2381 aures
482 2314 639 2395 Arthuri,
653 2317 714 2399 qui
723 2317 798 2401 jam
813 2336 933 2381 versus
951 2317 1098 2382 Romam

148 2416 258 2500 Alpes
275 2417 519 2482 transcendere
535 2418 675 2500 incepit,
699 2417 925 2500 pervolasset,
942 2437 1020 2481 cum
1044 2437 1097 2482 re·
1111 2437 1192 2479 nasu:

149 2518 251 2600 gibus
278 2525 416 2583 tantum
451 2517 621 2582 insulanis
645 2536 765 2582 versus
796 2517 1013 2581 Britanniam
1044 2494 1201 2582 remum*

150 2618 292 2696 meavit,
306 2619 359 2683 ira
376 2620 531 2684 maxima
546 2619 583 2683 in
600 2616 806 2681 Modredum
824 2636 1002 2682 accensus.

156 2791 200 2858 Ut
218 2792 392 2872 Anium,
422 2791 767 2957 Modredoliotersccto,
795 2792 861 2878 ipsc
885 2791 927 2856 sit
950 2789 1102 2857 kiloliter

532 2914 572 2957 ou
586 2901 721 2957 noratur.

203 3015 308 3081 Anno
323 3017 447 3099 gratiae
461 3033 566 3082 oxus.
583 3019 620 3081 in
637 3016 757 3082 Gallia
775 3024 911 3082 cometa
927 3017 1101 3100 apparuit,
1114 3040 1169 3081 nn.
1179 3041 1223 3079 sn.

150 3118 203 3181 ita
221 3116 314 3200 quod
329 3117 452 3181 caelum
468 3117 588 3182 ardere
603 3116 796 3182 videbatur.
848 3116 979 3181 Eodem
997 3119 1102 3182 etiam

152 3235 245 3281 anno
281 3236 385 3281 verus
425 3219 570 3300 sanguis
603 3237 648 3282 ex
677 3219 826 3282 nubibus
853 3217 1007 3297 effluxit3
1039 3238 1101 3301 per

151 3316 241 3381 idem
266 3324 402 3400 tempus
419 3317 542 3382 domus
557 3317 739 3402 cujusdam
756 3319 926 3401 sauguine
943 3339 1102 3402 respersa

151 3418 327 3502 apparuit,
346 3425 385 3482 et
399 3426 520 3482 secuta
536 3427 589 3483 est
605 3417 681 3482 dira
697 3418 873 3482 bominum
894 3419 1102 3484 mortalitas.

152 3519 283 3583 Eodem
306 3527 460 3602 tempore
475 3538 538 3583 rex
554 3516 742 3597 Arthurus,
758 3539 835 3582 cum
858 3538 993 3582 summa
1006 3520 1101 3584 festi-

186 3728 280 3795 'Apud
299 3729 467 3794 Byzantium]
486 3729 615 3791 Probably
673 3725 863 3795 ”Reginam
880 3727 1101 3802 Gmbumorom]

150 3800 193 3850 tha
208 3801 345 3864 pestilence
363 3814 392 3848 so
408 3799 455 3848 full
473 3799 503 3848 oi
515 3799 615 3849 horrors
639 3799 705 3849 Tbat
725 3800 775 3849 this
793 3801 816 3850 is
834 3801 961 3862 evidently
974 3816 1007 3851 an
1025 3805 1103 3852 omis·

151 3871 246 3920 related
263 3871 298 3931 by
308 3870 461 3932 Procopius,
471 3871 479 3898 ‘
489 3869 530 3919 De
548 3870 615 3920 bello
639 3870 694 3919 sion
703 3865 732 3919 of
739 3870 782 3919 the
793 3872 875 3920 scribe
887 3873 909 3920 is
920 3871 998 3934 clear,
1008 3888 1037 3921 as
1044 3874 1103 3923 well

151 3940 274 4001 Persico,'
289 3940 334 3990 lib.
347 3939 375 3990 il.
387 3954 463 4002 capp.
475 3943 517 4000 22,
534 3943 575 4002 28,
592 3941 614 3989 is
639 3939 701 3988 from
728 3939 771 3989 the
798 3956 907 4004 passage
932 3943 1102 4005 immediately

150 4011 209 4061 bere
227 4010 332 4060 alluded
349 4015 384 4060 to.
418 4010 615 4072 Thabistorian,
640 4009 779 4074 following,
797 4027 826 4061 111
841 4011 903 4060 from
920 4012 962 4061 the
979 4013 1102 4074 marginal

150 4081 276 4143 however,
287 4082 310 4129 is
321 4079 466 4129 silentwith
478 4088 578 4143 respect
589 4091 615 4131 to
639 4085 696 4129 note
716 4081 741 4129 in
761 4082 803 4130 the
823 4083 880 4132 MS.
898 4083 951 4130 ‘Ut
963 4082 1103 4130 Modredus

150 4150 192 4200 tle
211 4151 325 4212 miracle,
335 4150 457 4212 although
475 4151 507 4201 be
525 4151 613 4214 higbly
639 4150 790 4213 dyademate
808 4153 947 4202 Britannia
967 4153 1103 4213 insignitus

149 4221 231 4271 extols
241 4222 417 4284 theeruperor.
639 4236 742 4271 uxorem
755 4221 1069 4284 11111111111111111111111111.ι
