2888 4852
166 586 243 626 ultera

167 636 257 678 deliretl.

329 390 395 456 320
587 407 720 455 aoonnr
744 408 790 455 un
813 407 1019 456 wnunovnn

329 584 411 629 suos
440 573 486 642 et,
515 565 605 649 quod
634 565 852 648 potissimum
874 570 961 641 erat,
989 564 1034 627 ab
1061 563 1220 629 omnibus
1245 565 1286 630 in

330 684 437 746 regno
455 665 600 728 multum
617 664 838 747 diligebatur,
855 663 947 727 unde
964 663 1053 728 etin
1069 665 1165 746 rogia
1187 684 1284 729 sem·

328 783 392 846 per
408 765 504 828 curia
518 764 792 846 inseparabiliter
806 764 1033 826 nutriebatur.
1087 764 1172 828 Erat
1187 765 1284 828 enim

328 865 463 928 cunctis
483 863 647 926 fratribus
670 864 742 926 suis
765 863 875 926 forma
894 862 1082 940 decentior,
1099 864 1198 928 vultu
1221 884 1283 928 se-

328 963 453 1040 renior,
477 963 639 1045 quocirca
654 963 767 1027 verbis
785 969 819 1025 et
835 962 986 1026 moribus
1011 963 1196 1044 gratiosior
1214 982 1282 1046 ap·

328 1064 495 1145 parebat;
518 1069 743 1125 veruntamen
765 1070 948 1144 pareutum
969 1080 1011 1124 ac
1033 1063 1281 1144 magistrorum

327 1181 468 1225 suorum
498 1161 643 1236 incuria,
672 1180 782 1242 usque
815 1159 859 1223 ad
891 1178 1019 1223 annum
1050 1162 1165 1226 aetatis
1203 1181 1280 1226 suae

328 1260 565 1325 duodecimum
582 1259 765 1324 illiteratus
779 1258 978 1342 permansit.
1030 1259 1205 1326 Saxonica
1222 1270 1278 1326 ta·

328 1380 408 1424 men
429 1368 591 1442 poemata
614 1359 669 1422 die
689 1365 862 1441 noctuque
884 1358 993 1422 solers
1016 1359 1155 1424 auditor
1169 1369 1205 1425 et
1221 1381 1279 1425 re-

328 1458 455 1524 citator
472 1458 593 1523 docilis
609 1459 805 1522 memoriter
821 1458 1011 1537 retinebat3
1028 1459 1065 1522 in
1079 1468 1154 1523 arte
1171 1480 1278 1524 vena·

329 1560 431 1637 toria,
447 1559 686 1641 aucupatoria,
703 1559 807 1639 inque
834 1557 985 1622 omnium
1008 1558 1133 1640 peritia
1148 1566 1183 1623 et
1200 1560 1278 1623 seli·

328 1658 435 1724 citate
451 1657 741 1740 incomparabilis
757 1657 848 1720 sicut
869 1658 956 1721 etin
979 1656 1057 1720 aliis
1076 1658 1175 1721 donis
1197 1657 1277 1724 luit.

329 1757 417 1823 Cum
436 1777 518 1821 vero
544 1765 654 1821 mater
673 1757 750 1840 ejus
771 1756 826 1820 dio
849 1757 998 1840 quadam
1025 1757 1089 1820 sibi
1110 1766 1145 1821 et
1160 1758 1278 1822 fratri·

328 1857 393 1921 bus
420 1858 491 1921 suis
516 1857 687 1939 quendam
711 1854 921 1920 Saxonicum
948 1857 1099 1920 metricae
1126 1857 1212 1921 artis
1234 1858 1277 1921 li·

328 1956 439 2033 brum,
457 1976 557 2039 quem
584 1956 862 2032 manutenebat,
888 1956 1096 2033 ostenderet,
1121 1958 1171 2021 ait
1194 1958 1277 2036 illis,

328 2054 441 2135 ‘Quis
458 2063 610 2119 vestrum
633 2056 735 2120 eitius
753 2054 883 2118 discere
905 2056 1034 2136 poterit
1054 2056 1203 2120 codicem
1228 2057 1276 2120 is·

328 2163 414 2233 tum,
429 2156 519 2219 dabo
541 2156 572 2219 ei
586 2155 708 2218 illum!
759 2154 858 2217 Tunc
875 2148 1056 2219 ¹Alfredus
1075 2157 1277 2239 principalis

328 2254 438 2318 literae
453 2253 529 2317 libri
546 2253 640 2318 illius
661 2253 914 2337 pulchritudine
931 2254 1080 2332 illectus,
1097 2257 1199 2320 matri
1222 2276 1276 2319 re-

329 2353 481 2435 spondit,
507 2352 688 2430 ‘Verona'
713 2354 839 2436 inquit,
855 2354 977 2417 ‘dabis
999 2355 1124 2418 librum
1152 2355 1202 2419 illi
1229 2375 1272 2420 ex

328 2452 439 2529 nobis,
470 2453 529 2534 qui
562 2453 664 2516 citius
691 2453 787 2516 illum
814 2454 1006 2536 intelligere
1033 2462 1068 2518 et
1095 2474 1210 2519 coram
1239 2462 1274 2519 te

327 2552 455 2634 poterit
471 2553 617 2616 recitare
628 2553 655 2614 l'
708 2552 753 2615 Et
768 2553 840 2629 illa,
853 2559 863 2587 ‘
877 2554 1002 2629 Dabo,'
1019 2555 1139 2637 inquit.
1174 2555 1274 2620 'lianc

326 2651 385 2714 ille
402 2651 526 2714 librum
549 2651 675 2715 tollens
697 2653 900 2734 magistrum
928 2653 1025 2729 adiit,
1051 2654 1148 2735 legit,
1171 2663 1207 2718 et
1228 2656 1273 2719 ad

326 2760 471 2815 matrem
496 2750 630 2814 rediens
648 2751 743 2814 illum
765 2753 960 2814 memoriter
977 2752 1147 2817 recitavit.
1200 2753 1272 2817 De-

326 2851 417 2927 inde,
448 2871 514 2914 usu
544 2850 687 2914 adsiduo
724 2851 798 2914 sine
828 2852 1090 2928 intermissione,
1121 2853 1274 2935 psalmos

327 2950 517 3015 Davidicos
532 2958 565 3014 et
578 2952 751 3015 orationes
767 2951 802 3014 in
820 2971 889 3014 uno
912 2951 1029 3015 libello
1046 2953 1273 3035 conscriptos,

325 3057 361 3115 et
377 3052 412 3113 in
436 3051 514 3114 sinu
537 3070 600 3114 suo
622 3051 737 3132 gratia
754 3050 946 3115 devotionis
972 3052 1164 3133 impositos,
1180 3053 1271 3116 inse-

325 3150 526 3232 parabiliter
541 3150 810 3226 circumducens,
828 3150 970 3214 adsidue
987 3151 1194 3228 ruminabat,
1210 3171 1274 3216 au-

325 3249 437 3314 dierat
462 3268 610 3330 namque
633 3268 654 3312 a
679 3250 846 3332 magistro
873 3250 964 3332 quod
992 3271 1054 3315 rex
1087 3251 1273 3316 illiteratus

324 3348 371 3413 sit
388 3349 506 3412 asinus
520 3355 727 3427 coronatus;
751 3350 811 3412 sed
828 3369 906 3412 cum
921 3352 958 3414 in
981 3351 1064 3414 flore
1076 3351 1272 3434 juventutis

324 3449 546 3524 constitutus,
561 3456 716 3512 cerneret
732 3449 861 3530 ‘legem
885 3450 921 3514 iu
941 3452 1100 3514 membris
1122 3452 1194 3515 suis
1217 3473 1271 3515 re·

324 3554 537 3629 pugnantem
564 3547 634 3628 legi
656 3550 780 3611 mentis
807 3569 880 3612 suae
907 3557 941 3613 et
967 3550 1063 3613 illum
1089 3551 1269 3615 ducentem

323 3645 499 3728 captivum
524 3648 559 3710 in
582 3646 692 3729 legem
719 3649 875 3729 peccati,’
892 3650 1080 3732 saepissime
1105 3653 1141 3714 in
1169 3651 1270 3732 galli·

323 3754 429 3809 cantu
464 3755 498 3809 et
532 3746 624 3810 horis
657 3748 919 3811 matutinalibus
958 3751 1047 3813 clam
1082 3751 1124 3814 de
1158 3758 1269 3815 strato

321 3865 480 3926 surgens
497 3846 660 3909 ecclesias
678 3855 713 3908 et
730 3855 928 3910 sanctorum
955 3849 1130 3930 reliquiae,
1149 3851 1269 3914 orandi

355 4099 364 4132 ¹
376 4102 492 4163 Alfi-educ
501 4102 645 4165 principalis
652 4104 675 4167 ,·]
692 4074 796 4152 ‘divina
813 4105 975 4166 inspiratione
991 4105 1124 4153 instinctus
1135 4111 1160 4154 et
1175 4108 1269 4167 princi·

320 4173 404 4235 palis,'
421 4175 508 4235 Aeser,
521 4188 545 4234 p.
559 4176 598 4222 lo.
