2888 4852
320 403 385 470 174
575 417 708 466 aecum
733 418 780 464 nn
804 415 1010 464 wnnnovnn

320 572 543 639 Scholastica
573 593 643 638 uno
674 572 849 657 sepultum
873 573 909 637 in
936 573 1050 636 loculo
1077 573 1271 636 tenebatur.

157 689 293 730 martion
322 673 479 755 Contigit
500 674 604 737 etiam
625 681 665 737 nt
687 674 730 737 de
746 672 1002 738 Cenomannica
1023 674 1107 737 urbe
1130 672 1272 756 quidam

156 739 440 840 if‘lilddi‘eodem
469 781 624 856 tempore
654 773 952 857 proficiscerentur
983 773 1027 836 ad
1055 773 1171 836 locum
1199 791 1273 835 me·

320 882 504 951 moratum,
518 894 582 956 pro
606 873 790 938 deserendo
808 880 940 937 sanetae
956 872 1181 938 Scholastica
1195 892 1274 936 cor·

319 975 477 1057 pusculo,
514 968 575 1037 sed
607 981 791 1056 postquam
823 974 867 1037 ad
900 973 1095 1037 Florianum
1125 973 1274 1037 devene-

321 1082 405 1138 runt
436 1075 632 1138 coenobium
662 1075 764 1138 beato
791 1093 928 1156 semper
958 1074 1179 1138 adhaeserunt
1209 1070 1274 1137 Ai-

320 1174 431 1256 gulfo,
450 1175 557 1239 donec
577 1175 619 1238 ad
645 1175 757 1238 saneti
772 1173 870 1238 Petri
887 1174 1006 1237 limina
1020 1182 1273 1257 pervenerunt;

321 1294 391 1357 quo
416 1295 494 1338 cum
517 1274 767 1358 pervenissent,
789 1294 871 1338 mox
890 1274 1014 1339 beatus
1029 1272 1194 1355 Aigulfus
1216 1293 1274 1338 eo·

321 1394 396 1437 rum
413 1375 595 1457 [deseruit]
612 1375 835 1451 consortium,
854 1383 1073 1457 montemque
1089 1373 1274 1438 Cassinum

321 1473 417 1539 solus
439 1476 551 1559 petiit,
573 1475 632 1539 ubi
655 1475 759 1539 etiam
783 1481 986 1557 pernoctare
1009 1474 1174 1539 decrevit.
1226 1474 1274 1538 Et

322 1593 402 1640 ecce
425 1576 642 1659 intempestae
664 1575 776 1640 noctis
791 1574 940 1652 silentio,
953 1575 1067 1657 ipsum
1081 1574 1194 1639 sancti
1210 1593 1273 1657 pa·

322 1676 386 1739 tris
402 1676 582 1741 Benedicti
600 1675 820 1757 sepulchrum
841 1675 892 1739 ita
914 1675 1049 1739 caelitus
1065 1673 1152 1738 vidit
1172 1674 1273 1738 illus-

323 1776 420 1853 trari,
443 1777 537 1841 acsi
561 1777 679 1840 densis
705 1774 923 1858 lampadibus
948 1775 1101 1857 undique
1122 1773 1275 1839 vallare-

323 1881 392 1954 tur,
412 1877 485 1955 sed,
505 1884 606 1940 nocte
628 1883 817 1952 transacta,
837 1876 1000 1958 splendor
1015 1874 1074 1939 ille
1091 1874 1273 1957 disparuit.

324 1975 424 2040 Tunc
441 1977 646 2059 saepe-satus
666 1975 828 2058 Aigulfus
846 1995 887 2040 eo
905 1981 1101 2040 reverenter
1115 1977 1275 2054 accessit,

324 2074 466 2140 effracto
500 2096 522 2141 a
550 2076 658 2141 latere
683 2075 877 2158 sepulchro,
907 2074 993 2139 illud
1020 2076 1207 2141 evacuavit
1238 2086 1276 2141 et

324 2176 488 2258 quicquid
514 2176 563 2239 ibi
587 2177 714 2258 reperit
738 2176 840 2239 unius
867 2174 1032 2258 sportulae
1055 2176 1147 2252 sinu,
1170 2194 1275 2258 quam

324 2275 369 2338 ad
395 2275 459 2340 hoe
485 2283 756 2359 praeparaverat,
781 2275 948 2356 inclusit3
977 2275 1102 2358 quibus
1127 2280 1276 2358 patratis

325 2373 407 2437 dum
424 2376 469 2439 ad
484 2377 624 2459 propria
643 2383 811 2440 remearet
825 2373 1002 2457 Aigullns,
1022 2375 1125 2439 sociis
1142 2377 1216 2440 suia
1238 2378 1276 2440 in

260 2476 262 2479 ’
324 2475 448 2540 itinere
474 2475 636 2552 ostendit,
667 2484 703 2540 et
729 2495 808 2540 cum
833 2476 884 2539 eis
910 2476 955 2539 ad
979 2475 1175 2539 Floriacum
1200 2494 1275 2542 mo·

326 2577 515 2639 uasterium
539 2578 669 2659 pariter
695 2576 869 2640 remeavit.
922 2576 990 2640 Sed
1018 2585 1204 2658 antequam
1231 2578 1276 2641 ad

326 2675 413 2739 illud
427 2677 648 2758 pertingeret,
664 2676 802 2741 devenit
820 2676 864 2739 ad
875 2676 989 2740 locum
1001 2696 1102 2759 quem
1119 2676 1278 2742 Novum·

326 2775 440 2841 vicum
464 2777 653 2859 appellant,
670 2777 730 2859 qui
753 2776 913 2840 milliario
936 2795 1005 2839 uno
1027 2775 1134 2840 distat
1157 2796 1179 2840 a
1203 2798 1278 2843 mo·

327 2877 479 2941 nasterio
495 2875 696 2959 saepe-fato;
713 2877 829 2959 ibique
843 2875 1029 2958 praedictus
1041 2877 1148 2940 abbas
1160 2877 1278 2942 Mum·

326 2976 439 3041 molus
471 2997 549 3042 cum
580 2976 751 3058 frequenti
786 2977 889 3040 turba
919 2977 969 3041 eis
996 2972 1193 3041 reverenter
1218 2999 1278 3043 oc-

326 3078 446 3154 currit,
462 3086 497 3143 et
516 3084 585 3142 tam
602 3096 702 3141 sacra
716 3078 864 3159 pignora
878 3095 956 3139 cam
973 3075 1104 3140 honore
1125 3080 1279 3162 suscepit

326 3185 362 3241 et
390 3177 574 3241 adsumens
599 3177 791 3260 sportulam
820 3195 926 3258 supra
951 3184 1188 3255 memoratam,
1215 3199 1278 3261 po·

326 3277 397 3342 suit
418 3278 454 3340 in
476 3277 622 3341 ecclesia
640 3277 805 3360 principis
828 3277 1063 3359 apostolorum
1081 3276 1191 3356 Petri,
1214 3299 1277 3343 ex·

326 3377 505 3458 traxitque
522 3397 603 3441 ossa
617 3376 847 3453 sanctissima,
861 3396 940 3459 quae
962 3377 1010 3440 ibi
1025 3376 1168 3442 confuse
1180 3379 1279 3463 jace·

327 3477 412 3539 bant
434 3476 579 3539 inclusa.
633 3478 781 3540 Demum
800 3496 881 3541 vero
901 3495 944 3540 ea
962 3476 1106 3557 eligam,
1123 3478 1281 3560 singula.

329 3576 391 3640 tim
414 3577 458 3639 ab
481 3577 628 3640 invicem
651 3577 840 3660 separavit,
856 3596 878 3640 a
893 3577 1081 3660 majoribus
1096 3597 1281 3645 secernens

329 3674 474 3753 minora,
497 3677 588 3759 quod
612 3697 690 3740 cum
714 3678 843 3741 sactum
869 3676 1003 3753 fnisset,
1026 3697 1106 3741 ecce
1128 3679 1198 3743 duo
1219 3700 1280 3745 ca-

330 3777 459 3840 davera
489 3784 703 3841 mortuorum
734 3777 779 3841 ad
807 3776 1041 3859 sepeliendum
1070 3777 1281 3860 ferebantur,

329 3896 476 3959 quorum
504 3896 610 3940 unum
640 3877 820 3941 masculini
846 3884 881 3940 et
905 3875 1051 3940 alterum
1079 3886 1154 3942 erat
1175 3899 1283 3947 sexus

200 4001 263 4034 ace.
330 3977 520 4054 loeminini3
559 3975 652 4040 Mira
685 3980 761 4041 res!
794 3996 873 4040 nam
902 3996 980 4039 cum
1006 3997 1111 4060 super
1135 3983 1282 4048 maseuli

329 4097 455 4160 eorpus
483 4075 617 4161 majora
644 4076 790 4140 inissent
816 4096 896 4141 ossa
913 4077 1150 4158 superposita,
1172 4085 1285 4147 eonti-

331 4198 401 4242 nuo
433 4197 495 4260 per
524 4177 683 4240 meritum
721 4176 814 4240 beati
847 4176 1027 4241 Benedicti
1059 4186 1198 4244 mortuo
1229 4192 1284 4249 est
