2888 4852
418 450 556 498 rnonns
580 449 848 498 nrsronrnnuu.
1037 436 1102 500 329

154 625 301 689 quaeque
314 607 380 670 sibi
396 608 500 671 obvia
516 606 733 688 macerando,
749 614 795 693 et,
810 613 849 669 ut
864 605 1027 689 majorem
1040 607 1102 671 ha-

154 706 360 770 bitatoribus
378 708 548 771 incuteret
562 707 791 782 formidinem,
814 725 883 768 non
908 707 1008 768 sexui
1023 707 1100 788 qui-

154 805 231 868 dem
261 807 420 870 muliebri
450 826 512 870 uec
545 806 768 889 parvulorum
802 806 966 887 parcebat
992 806 1100 870 aetati.

155 901 268 968 Auxit
285 914 401 968 autem
424 905 528 989 hujus
551 904 801 988 persecutionis
821 904 1006 985 procellam
1034 905 1100 967 ini·

155 1004 270 1084 quitas
284 1004 489 1068 detestanda
504 1005 696 1087 Hinguaris
713 1013 748 1068 et
758 1003 931 1080 Haldene,
946 1005 1006 1085 qui
1021 1024 1101 1068 cum

155 1103 279 1183 viginti
308 1105 418 1168 tribus
449 1106 594 1168 navibus
620 1125 665 1168 ex
682 1103 863 1167 Demetica
889 1103 1041 1183 regione,
1063 1105 1099 1168 in

153 1220 223 1282 qua
245 1202 504 1285 hyemaverant,
530 1205 660 1284 egressi
684 1209 724 1266 ut
749 1202 822 1284 lupi
848 1221 992 1284 rapaces
1019 1210 1098 1285 post
1167 1209 1168 1212 ’

154 1301 282 1365 multas
309 1303 434 1366 ibidem
457 1310 593 1383 strages
611 1303 740 1378 illatas,
758 1310 838 1383 post
862 1301 1096 1367 coenobiorum

153 1403 420 1480 combustiones,
452 1402 496 1465 ad
534 1403 726 1466 Devoniam
766 1401 995 1482 navigaruut;
1027 1422 1097 1485 quo

153 1499 189 1561 in
214 1501 289 1564 loco
313 1503 357 1564 ab
379 1503 535 1565 exercitu
562 1503 655 1583 regis
670 1500 803 1564 Aliredi
827 1500 918 1564 idem
935 1500 1098 1582 Hiuguar

155 1618 233 1662 cum
260 1599 393 1664 Hubba
418 1609 453 1665 et
478 1601 638 1664 Haldene
664 1609 699 1663 et
712 1601 796 1663 viris
821 1600 914 1663 mille
939 1600 1098 1663 ducentis

153 1701 322 1781 perempti
347 1709 429 1765 sunt
446 1708 526 1764 ante
546 1720 659 1764 arcem
674 1694 863 1776 ¹Kinwith,
877 1700 993 1781 ibique
1021 1718 1100 1762 san·

154 1799 291 1878 guinem
310 1802 403 1864 beati
428 1801 519 1882 regis
542 1809 577 1864 et
593 1800 754 1881 martyris
777 1798 984 1875 Eadmundi,
997 1818 1098 1881 quem

154 1896 346 1963 effuderant
359 1900 515 1982 praedicti
532 1899 726 1981 iniquitatis
740 1898 898 1973 ministri,
912 1897 1099 1963 Christiani

155 1995 290 2062 Alsredi
326 2000 417 2080 regis
453 1998 578 2061 milites
608 1998 847 2076 vindicarunt3
884 1997 944 2060 sed
985 2005 1100 2062 tamen

155 2099 308 2160 maxima
327 2116 408 2179 pars
430 2116 549 2160 eorum
565 2117 626 2177 per
643 2096 761 2178 sugam
784 2096 892 2178 elapsi
910 2097 952 2160 ad
972 2097 1100 2180 Gytro-

155 2216 232 2259 nem
272 2216 385 2277 regem
420 2215 635 2277 paganorum
668 2215 744 2260 sese
774 2198 1005 2273 contulerunt,
1039 2197 1100 2278 qui

155 2294 257 2358 simul
277 2295 409 2378 junctis
432 2297 565 2359 viribus
594 2295 805 2377 conglobati,
828 2315 961 2359 omnem
981 2296 1099 2360 West·

155 2395 335 2458 saxoniam
353 2415 374 2458 a
391 2396 479 2458 mari
500 2403 611 2477 usque
630 2395 674 2458 ad
691 2415 785 2459 mare
802 2396 1050 2477 depopulantes
1065 2404 1101 2461 et

156 2503 284 2559 terram
310 2495 404 2558 illam
427 2496 527 2578 quasi
553 2495 698 2559 locustae
724 2495 930 2577 operientes,
952 2497 1101 2577 patriam

156 2601 276 2670 totam,
303 2614 380 2657 cum
407 2615 476 2658 non
500 2603 615 2658 essent
637 2595 845 2669 defensores,
865 2595 1002 2658 sibimet
1019 2597 1099 2660 sub·

156 2693 327 2756 diderunt.
381 2694 423 2756 ln
445 2694 511 2757 hoc
529 2714 666 2776 quoque
692 2692 940 2776 persecutionis
963 2695 1102 2758 turbine

157 2794 336 2856 constituti
354 2793 471 2857 fideles
486 2793 615 2856 Christi
632 2793 796 2875 episcopi,
808 2811 884 2855 cum
902 2801 1101 2856 sanctorum

156 2891 310 2973 reliquiis
333 2899 368 2956 et
384 2893 605 2956 ecclesiarum
623 2893 807 2968 thesauris,
824 2891 1031 2974 populisque
1047 2912 1101 2956 re·

157 2992 282 3072 gionis,
305 2999 402 3055 trans
426 3011 520 3056 mare
543 2991 717 3072 sugerunt,
742 3000 777 3054 et
799 3009 879 3073 pars
906 3010 1020 3072 regem
1038 2986 1103 3054 Ar-

155 3090 287 3154 sredum
311 3100 432 3155 secuta
456 3092 492 3153 in
515 3091 612 3155 silvis
638 3091 791 3171 locisque
816 3089 962 3152 desertis
984 3090 1020 3152 in
1041 3090 1102 3153 illo

156 3211 193 3254 se
219 3191 338 3254 mortis
363 3190 558 3254 discrimine
584 3190 845 3252 absconderunt.
898 3184 948 3251 At
962 3208 1024 3251 rex
1041 3188 1104 3252 Al-

156 3289 272 3353 fredus
287 3296 402 3353 tactus
419 3290 536 3353 dolore
554 3290 667 3352 cordis
683 3288 900 3364 intrinsecus,
922 3288 1003 3369 quid
1021 3307 1104 3370 age·

157 3396 221 3465 ret,
238 3409 307 3471 quo
333 3409 371 3452 se
387 3397 548 3466 verteret,
571 3389 766 3470 ignorabat,
789 3395 1020 3468 occupaverat
1040 3407 1103 3451 rex

155 3490 295 3570 iniquus
321 3488 434 3571 Gytro
460 3489 538 3551 loca
566 3508 713 3570 quaeque
736 3488 891 3565 munita3
923 3486 1012 3550 unde
1040 3507 1103 3551 rex

155 3586 320 3651 Alsredus
346 3608 441 3671 spem
468 3588 549 3651 boni
572 3587 721 3651 melioris
745 3607 813 3650 non
840 3587 982 3663 habenS,
998 3587 1104 3650 cessit

156 3688 199 3750 ad
226 3707 390 3769 praescns,
407 3696 446 3752 ut
468 3704 570 3769 quem
597 3706 651 3749 res
676 3686 807 3750 exitum
834 3686 922 3750 soret
942 3685 1105 3751 habitura

152 3788 326 3868 probaret.

191 3952 198 3981 ¹
218 3955 362 4016 Kinwsth]
391 3955 432 4002 On
456 3957 497 4003 the
521 3956 618 4016 margin
643 3950 720 4002 ired’s
738 3952 875 4001 adventure
893 3953 955 4000 with
974 3952 1016 4000 the
1038 3966 1106 4000 cow-

153 4020 289 4085 ‘Kinwic,’
312 4039 328 4072 a
350 4024 452 4074 sortress
472 4027 497 4073 iu
517 4024 619 4072 Devon·
644 4019 727 4072 herd’s
749 4023 817 4072 wife.
853 4023 889 4070 At
910 4021 961 4069 this
983 4022 1061 4069 battle
1085 4021 1105 4067 it

155 4093 239 4153 shire3
264 4109 307 4142 see
326 4094 448 4156 Camden,
471 4096 488 4142 i.
511 4109 537 4154 p.
562 4097 617 4143 167.
644 4108 698 4141 was
721 4093 775 4141 that
797 4092 839 4140 the
861 4091 982 4140 standard
1009 4090 1038 4138 oi
1062 4089 1105 4137 the

154 4163 216 4212 This
227 4164 312 4212 defeat
332 4164 354 4211 is
370 4163 512 4213 mentioned
531 4164 561 4223 hy
575 4164 617 4211 the
644 4163 741 4223 Danas,
751 4162 833 4211 called
843 4161 949 4223 lleuian,
958 4175 1011 4209 wau
1019 4159 1104 4208 taken.

152 4234 213 4284 Sax.
226 4235 318 4283 Chron.
330 4234 380 4283 and
392 4235 471 4284 Aeser
481 4233 546 4283 aster
557 4233 617 4282 Ael-
