2888 4852
316 386 338 450 8
575 400 710 451 nocam
735 400 781 448 ou
805 399 1013 448 wannovan

316 562 375 626 dia
404 561 520 626 debita
549 562 780 644 providerent.
826 559 1053 624 Advenerunt
1084 564 1200 622 autem
1222 555 1266 619 de

318 663 429 727 tribus
445 660 642 728 Germaniae
655 662 792 745 populis
809 660 1021 737 fortioribus,
1037 658 1072 722 id
1087 665 1153 736 est,
1165 650 1266 720 ¹Sax-

319 762 456 841 onibus,
484 760 611 845 Anglis
633 769 668 826 et
697 761 806 826 Jutis.
857 761 913 825 De
937 760 960 824 J
963 769 1100 825 uterum
1131 756 1267 840 origine

320 869 404 926 sunt
428 862 608 928 cantuarii
635 868 671 926 et
687 860 895 940 Wictuarii;
927 860 1001 926 haec
1020 867 1074 924 est
1097 878 1141 923 ea
1167 875 1267 941 gens,

321 981 399 1045 quae
427 962 575 1027 Vectem
606 969 701 1026 tenet
730 962 892 1039 insulam,
915 969 950 1025 et
980 979 1125 1043 eaquae
1157 975 1268 1041 usque

321 1061 424 1127 hodie
445 1063 481 1126 in
504 1063 682 1145 provincia
708 1061 974 1126 occidentalium
997 1060 1176 1125 Saxonum
1200 1057 1223 1121 J
1226 1077 1268 1120 u·

321 1170 435 1226 tarum
458 1163 554 1227 natio
577 1162 785 1237 nominatur,
799 1161 914 1243 posita
937 1168 1058 1224 contra
1081 1161 1193 1243 ipsam
1214 1158 1268 1221 in-

321 1261 434 1326 sulam
448 1261 608 1327 Vestam.
661 1256 716 1326 De
740 1260 938 1325 Saxonibus
958 1280 1054 1339 vero,
1078 1259 1114 1323 id
1136 1264 1203 1336 est,
1225 1277 1269 1322 ea

323 1363 475 1442 regione,
498 1381 577 1445 quae
601 1381 692 1425 nunc
721 1361 941 1443 antiquorum
963 1360 1141 1425 Saxonum
1172 1359 1268 1423 natio

324 1463 599 1543 cognominatur,
625 1480 750 1526 venere
780 1461 968 1525 orientales
999 1460 1169 1537 Saxones,
1196 1478 1269 1522 me·

324 1560 449 1625 ridiani
476 1560 646 1640 Saxones,
672 1569 707 1626 et
731 1561 876 1626 occidui.
929 1560 1040 1625 Porro
1062 1560 1105 1624 de
1129 1559 1268 1641 Anglis,

324 1659 390 1724 hoc
406 1668 460 1725 est
474 1660 516 1725 de
533 1662 594 1725 illa
619 1663 732 1745 patria
749 1681 827 1745 quae
845 1660 1006 1743 Angulus
1023 1660 1160 1736 dicitur,
1176 1666 1211 1723 et
1224 1659 1269 1723 ab

324 1779 366 1825 eo
391 1767 545 1845 tempore
574 1781 683 1844 usque
712 1760 812 1825 hodie
843 1780 982 1825 manere
1012 1761 1169 1825 desertus
1191 1779 1270 1842 per·

324 1859 473 1939 hibetur,
504 1862 688 1926 orientales
723 1859 844 1943 Angli,
875 1861 1116 1925 mediterranei
1149 1859 1269 1942 Angli,

326 1960 461 2040 Mercii,
485 1969 561 2026 tota
589 1961 624 2025 N
626 1961 973 2026 orthanhumbrorum
997 1980 1096 2043 gens,
1118 1978 1196 2044 quae
1225 1959 1269 2023 ad

324 2062 464 2125 boream
483 2060 633 2125 Humbri
659 2061 810 2125 fluminis
827 2059 974 2139 habitat,
996 2061 1180 2143 caeterique
1195 2058 1270 2123 An·

324 2161 464 2243 glorum-
475 2162 595 2244 populi
611 2168 694 2224 sunt
713 2161 838 2226 exorti.
883 2160 1000 2225 Duces
1018 2180 1136 2225 eorum
1159 2159 1271 2244 perhi-

324 2261 450 2324 bentur
472 2259 578 2324 fuisse
599 2261 669 2326 duo
692 2260 817 2325 fratres
840 2260 1036 2342 Hengistus
1060 2267 1097 2325 et
1121 2259 1272 2332 Horsus.

325 2361 385 2444 qui
413 2360 553 2425 suerunt
576 2361 638 2424 filii
662 2360 874 2443 Wicthgisii,
898 2362 998 2445 cujus
1025 2366 1126 2445 pater
1140 2360 1270 2439 Wicta,

325 2460 426 2544 cujus
466 2469 566 2544 pater
594 2460 731 2540 Wecta,
773 2462 873 2546 cujus
908 2467 1008 2545 pater
1040 2459 1189 2538 Woden,
1228 2461 1271 2525 de

325 2559 426 2643 cnjus
465 2562 573 2644 stirpe
613 2562 799 2626 multarum
841 2561 1094 2645 provinciarum
1139 2562 1272 2643 regium

325 2680 436 2741 genus
472 2661 640 2743 originem
671 2656 805 2726 'duxit
871 2661 1028 2744 Cumque
1060 2660 1198 2725 tandem
1235 2662 1272 2725 in

325 2760 511 2842 praesentia
539 2763 632 2843 regis
662 2768 778 2825 essent
811 2762 1004 2840 constituti,
1033 2762 1195 2844 quaesivit
1228 2762 1272 2825 ab

326 2860 388 2936 eis,
424 2879 528 2944 quam
564 2860 666 2925 fidem
704 2880 876 2945 quamque
911 2862 1113 2943 religionem
1153 2867 1271 2944 patres
1387 2868 1392 2879 '

326 2979 445 3024 eorum
478 2960 685 3040 coluissent;
726 2963 782 3025 cui
816 2960 1024 3042 Hengistus,
1053 2961 1175 3025 ‘Deos
1208 2980 1272 3044 pa·

327 3061 424 3137 trios,
450 3061 581 3125 scilicet
606 3061 806 3139 Saturnum,
834 3061 857 3125 J
860 3081 958 3126 ovem
991 3069 1096 3145 atque
1127 3068 1272 3125 caeteros

325 3161 385 3242 qui
416 3160 581 3224 mundum
606 3163 814 3242 gubernant,
846 3161 1003 3239 colimus,
1032 3160 1183 3225 maxime
1212 3180 1274 3225 au·

326 3265 395 3323 tem
435 3259 659 3337 Mercurium,
691 3280 793 3342 quem
826 3261 963 3325 Woden
1000 3262 1120 3343 lingua
1152 3269 1274 3326 nostra

326 3358 564 3441 appellamus3
589 3359 668 3423 huic
706 3368 840 3424 veteres
876 3361 985 3425 nostri
1026 3360 1273 3425 dedicaverunt

325 3467 486 3541 quartam
508 3458 628 3523 feriam
652 3461 868 3543 septimana,
893 3480 972 3543 quae
999 3461 1034 3524 in
1057 3460 1148 3524 hunc
1173 3461 1272 3526 hodi·

324 3578 444 3622 ernum
468 3558 558 3622 diem
573 3565 583 3593 ‘
597 3558 847 3624 Wodenesdai’
863 3563 988 3625 sortita
1004 3570 1068 3626 est.
1121 3560 1208 3626 Post
1230 3560 1272 3624 il·

324 3657 395 3723 lum
411 3660 555 3723 colimus
574 3659 685 3723 Deam
703 3659 793 3725 inter
815 3668 959 3726 caeteras
983 3663 1270 3743 potentissimam,

324 3759 493 3824 vocabulo
511 3759 648 3837 Fream,
668 3760 725 3823 cui
747 3762 850 3825 etiam
870 3762 1116 3826 dedicaverunt
1135 3769 1271 3826 sextam

359 3981 785 4049 1διττοιιὶὁιω,Αιιεὶί.τιτι1ιιὴ“τ.]
810 3988 839 4037 ol
858 3986 901 4035 the
926 3987 1033 4048 Saxona,
1050 3987 1100 4038 vol.
1123 3989 1141 4038 i.
1164 4004 1190 4050 p.
1216 3993 1272 4052 lat,

325 4054 374 4104 For
392 4069 408 4103 a
422 4064 482 4116 very
496 4057 564 4105 clear
579 4061 686 4106 account
699 4055 729 4104 ol
743 4056 784 4103 the
809 4056 884 4108 taken
897 4056 959 4105 [τοττι
972 4057 1077 4107 Ussher.

325 4123 437 4174 districts
451 4127 568 4175 maanted
587 4128 620 4187 by
636 4127 706 4176 these
723 4141 783 4187 peo-
843 4123 969 4190 'Darit.]
991 4128 1044 4177 'l'he
1062 4128 1152 4178 former
1170 4135 1227 4191 part
1244 4131 1272 4179 ol

324 4195 375 4257 ple,
386 4210 428 4246 see
445 4195 540 4246 Shamn
550 4196 656 4259 Tumor,
676 4196 782 4257 History
807 4193 857 4246 this
867 4197 972 4259 chapter
982 4198 1005 4246 is
1016 4199 1078 4248 from
1091 4199 1172 4261 Beda,
1183 4199 1196 4261 i
1209 4203 1248 4249 86.
