2888 4852
319 400 383 466 132
576 411 709 461 aocnnr
736 411 783 458 nn
806 410 1012 459 wunnovan

371 645 421 710 Da
435 653 529 707 ritorto
545 645 624 730 rapis
638 643 803 721 Eadwinc’,
818 652 846 707 at
860 641 1041 707 decom-im
1050 641 1222 728 provincia

614 741 969 808 Nortdanhnmdroram.

160 894 271 933 aner.
373 869 478 935 Anno
510 871 633 952 gratiae
667 885 854 933 ncxxxrv.
884 889 961 933 oum
993 887 1055 931 rex
1088 868 1271 931 Britonnm

325 970 514 1046 Cadwalln,
531 990 609 1052 quae
633 969 727 1034 sacta
749 970 887 1033 fuerant
909 969 953 1032 de
980 968 1119 1045 Pellite,
1142 988 1272 1050 cogno·

323 1071 444 1146 visset,
462 1069 630 1153 applicuit
654 1070 690 1132 in
714 1069 861 1133 insulam
882 1089 959 1133 cum
982 1069 1099 1132 decem
1122 1067 1273 1131 millibus

161 1189 264 1237 neuere
324 1172 484 1248 militum,
499 1178 534 1233 et
554 1170 712 1234 celeriter
732 1169 903 1233 Exoniam
927 1168 1071 1251 petivit3
1096 1176 1273 1232 conserto·

161 1240 271 1330 'edidi
324 1290 390 1354 que
407 1270 527 1353 praeiio
542 1268 662 1333 Panda
680 1270 722 1333 de
737 1269 798 1333 tali
814 1270 945 1352 impetu
960 1289 1028 1332 non
1044 1268 1272 1352 praemunitus

323 1372 489 1435 continuo
508 1377 630 1452 captus
657 1376 710 1432 est
727 1369 851 1453 atejus
874 1369 1048 1433 exercitus
1071 1368 1273 1450 dissipatus.

324 1469 375 1535 At
391 1470 523 1544 Panda,
534 1490 611 1534 cum
626 1469 729 1532 aliam
745 1469 913 1533 evadendi
929 1470 1020 1532 viam
1034 1488 1104 1532 non
1118 1467 1273 1544 haberet,

325 1569 540 1634 Cadwalloni
554 1569 751 1633 fidelitatem
765 1569 900 1653 juravit
913 1577 948 1633 et
968 1568 1104 1632 obsides
1127 1566 1170 1631 de
1192 1568 1275 1631 sub-

320 1670 474 1755 jectione
505 1669 648 1752 invenit,
684 1677 789 1753 atque
824 1669 1025 1733 convocatis
1059 1669 1273 1745 Britonibus,

326 1769 508 1834 Cadwalio
539 1790 614 1834 cum
649 1789 729 1851 rege
765 1770 974 1833 Marciorum
1012 1767 1275 1832 Northanhum-

324 1871 434 1935 briam
459 1871 583 1952 petivit
604 1870 821 1953 patriamque
848 1869 939 1950 regis
968 1867 1127 1933 Eadwini
1149 1868 1274 1932 devas-

165 1991 269 2032 mnnor
325 1977 400 2034 tare
434 1970 552 2051 coepit.
618 1968 720 2047 Quod
763 1989 841 2033 cum
872 1969 1038 2032 Eadwino
1077 1969 1274 2033 nuntiatum

163 2042 264 2082 mm
325 2070 448 2134 fuisset
470 2070 505 2132 in
528 2088 662 2151 campo,
677 2063 749 2152 'qui
770 2069 956 2133 Heethscld
982 2069 1191 2153 appellatur,
1214 2071 1275 2132 oh·

325 2170 417 2235 viam
440 2168 581 2232 veniens
608 2189 685 2231 curn
710 2170 911 2233 Britonibus
935 2168 1063 2232 bellum
1080 2169 1273 2248 commisit;

324 2276 373 2346 et,
396 2275 555 2333 conserto
574 2269 706 2351 praelio,
728 2268 914 2333 Eadwinus
938 2267 1139 2333 interfectus
1164 2276 1217 2334 est
1240 2277 1276 2334 et

326 2369 401 2452 ejus
428 2369 600 2432 exercitus
632 2369 815 2433 crudeliter
844 2370 1039 2449 laceratus3
1064 2369 1187 2433 cecidit
1215 2389 1276 2433 au·

325 2476 394 2534 tem
419 2468 606 2532 Eadwinus
623 2469 763 2532 attilius
787 2469 863 2553 ejus
878 2463 1049 2532 ²0ffridus
1069 2489 1146 2533 cum
1162 2463 1277 2534 ³G0d-

325 2568 429 2632 baldo
458 2588 539 2649 rege
566 2569 763 2632 Orchadum
787 2578 913 2652 quarta
937 2569 992 2633 die
1018 2568 1135 2633 iduum
1167 2569 1275 2634 Octo·

325 2669 407 2732 brie.
447 2662 616 2732 *Atratum
633 2676 687 2732 est
701 2676 816 2733 autem
832 2676 937 2751 caput
953 2669 1110 2733 Eadwini
1125 2669 1168 2732 ad
1182 2670 1274 2733 Ebo-

325 2788 442 2832 racum
460 2776 495 2831 et
513 2769 547 2831 in
564 2769 709 2832 ecclesia
726 2770 818 2833 beati
836 2769 932 2833 Petri
948 2789 1051 2852 quam
1065 2770 1139 2852 ipse
1151 2769 1276 2833 funda·

325 2876 424 2933 verat
439 2869 650 2932 reconditum
677 2877 741 2932 est.
796 2870 906 2934 Facta
928 2877 982 2933 est
999 2877 1114 2933 autem
1137 2877 1275 2952 strages

325 2969 478 3031 maxima
494 2970 528 3031 in
546 2969 691 3033 ecclesia
708 2976 743 3033 ct
754 2977 857 3050 gente
868 2968 1272 3050 Northanhumbrorum3

325 3068 493 3150 siquidem
518 3069 639 3132 Panda
656 3088 717 3131 rex
734 3069 941 3133 Merciorum
964 3069 1067 3134 idolis
1084 3069 1223 3134 deditus
1239 3078 1275 3136 et

325 3167 513 3231 Christiani
538 3169 684 3232 nominis
707 3171 846 3250 penitus
871 3171 1015 3251 ignarus
1040 3169 1126 3232 nulli
1155 3189 1275 3254 paroe-

324 3269 397 3343 hat,
430 3268 489 3349 qui
520 3288 637 3331 omnes
666 3268 795 3332 Christi
827 3269 944 3333 fideles
972 3269 1089 3333 hostes
1119 3270 1275 3353 publicos

163 3386 281 3435 emeltyot
326 3369 519 3448 reputabat.
574 3367 752 3432 Cadwallo
771 3389 865 3446 vero,
884 3370 1042 3452 quamvis
1066 3390 1192 3434 nomen
1214 3370 1277 3434 ha-

163 3439 275 3479 Μῶα
325 3468 422 3531 beret
447 3475 482 3531 et
509 3468 755 3550 professionem
778 3468 979 3547 Christiani,
1003 3470 1089 3533 ade⁰
1111 3472 1278 3535 barbarus

361 3654 433 3713 ¹an'
446 3658 597 3722 Heethsetd.]
609 3659 662 3707 The
674 3659 751 3708 battle
762 3661 792 3708 os
813 3661 964 3711 afterwards
981 3669 1027 3724 put
1043 3669 1069 3712 to
1088 3664 1164 3713 death
1185 3666 1212 3714 iu
1236 3665 1278 3715 the

324 3727 448 3788 Hatfieid,
458 3729 594 3790 according
602 3734 627 3777 to
639 3730 720 3791 Beda,
727 3730 787 3778 took
813 3733 884 3793 reign
896 3733 925 3780 of
933 3732 1050 3782 Ouwald.
1067 3734 1080 3796 ς
1093 3738 1149 3783 146.

322 3797 397 3858 place
406 3814 437 3846 on
450 3799 491 3847 the
503 3799 552 3859 day
565 3799 624 3847 here
636 3801 788 3861 mentioned,

323 3868 369 3915 but
380 3869 405 3916 in
417 3869 458 3917 the
475 3870 592 3930 previous
610 3884 688 3929 γους
705 3871 718 3931 ξ
731 3874 787 3931 146,
812 3920 826 3953 c

321 3942 519 4071 mze'Offiddna]
537 4007 682 4069 According
699 4012 725 4056 to
744 4008 786 4057 the
846 4006 857 4037 ⁴
870 4007 888 4056 A
893 4010 978 4057 lictum
990 4009 1048 4073 ech]
1060 4009 1122 4057 This
1135 4017 1243 4060 account
1254 4011 1283 4061 oi

321 4093 390 4126 same
402 4077 539 4138 authority,
548 4078 645 4126 osfrith
654 4093 709 4126 was
720 4079 785 4127 slain
811 4078 1208 4142 thestateosNorthumberland,
1216 4082 1279 4130 with

320 4148 346 4196 in
363 4149 405 4195 the
428 4147 515 4208 battle,
532 4149 580 4196 und
605 4148 709 4197 another
731 4164 786 4210 son,
810 4148 852 4197 the
864 4155 950 4197 return
961 4149 990 4197 os
1000 4150 1126 4199 Paulinus
1137 4148 1279 4215 following,

321 4218 439 4281 Eadsrid‚
450 4218 497 4266 ded
511 4224 536 4267 to
551 4219 649 4282 Peuda,
660 4219 718 4267 who
730 4235 784 4269 was
810 4233 853 4267 are
864 4219 926 4267 from
941 4219 1023 4281 Beda,
1034 4220 1048 4282 §
1061 4224 1118 4283 m,
1129 4235 1179 4284 req.

847 3832 858 3865 ³
871 3836 1019 3954 (ἒοάὁαὶάοᾷ
1034 3836 1110 3887 Geni.
1123 3837 1220 3887 Monm.
1232 3839 1279 3887 xii.

827 3920 868 3966 ap.
900 3941 906 3955 .
