2888 4852
308 400 375 466 508
567 415 700 463 aocnnr
725 414 772 462 ns
794 413 1000 463 wsunovna

308 573 439 650 roldus,
461 572 506 636 ad
520 573 707 637 vindictam
731 579 939 655 provocatus
961 590 983 635 a
1004 570 1125 647 fratre,
1144 571 1265 653 ipsum

309 674 399 737 inter
426 672 568 737 brachia
595 671 813 755 complexum
841 672 877 734 in
906 670 1036 736 editum
1061 671 1198 748 levans,
1228 671 1267 734 in

309 773 545 857 pavimentum
569 774 783 839 truculenter
807 771 975 855 projecit;
998 791 1069 855 quo
1084 771 1174 847 viso,
1198 771 1268 833 mi-

310 872 390 936 lites
413 872 564 954 undique
587 873 817 955 prosilientes,
834 879 869 936 et
885 870 980 936 litem
991 871 1068 954 jam
1084 870 1176 934 inter
1192 870 1266 934 fra-

312 979 382 1036 tres
406 979 636 1036 contestatam
658 978 818 1054 potenter
841 971 1051 1048 dirimentes,
1074 968 1267 1034 bellatores

311 1071 460 1154 inclytos
476 1073 519 1135 ab
536 1071 682 1136 invicem
698 1071 901 1136 diviserunt.
954 1069 1035 1135 Rex
1048 1077 1164 1134 autem
1182 1089 1268 1151 per-

313 1171 437 1234 niciem
471 1171 658 1236 eorundem
687 1171 832 1234 fratrum
860 1169 936 1254 jam
968 1169 1268 1255 appropinquare,

312 1277 349 1335 et
369 1271 457 1334 iram
481 1270 550 1336 Dei
571 1271 728 1335 ultricem
751 1270 901 1334 nondum
925 1289 1001 1334 esse
1025 1268 1267 1346 differendam,

313 1370 488 1454 praedixit.
539 1369 664 1435 Tantae
686 1389 834 1451 namque
856 1369 1051 1452 iniquitatis
1065 1387 1184 1433 omnes
1202 1367 1270 1432 tilii

314 1469 477 1534 Godwini
493 1470 679 1554 proditoris
696 1476 807 1547 erant,
823 1468 915 1552 quod
932 1469 962 1533 si
978 1467 1126 1552 alicujus
1143 1467 1270 1531 villam

315 1569 461 1633 nitidam
488 1571 738 1653 conspicerent,
765 1568 941 1632 dominum
967 1568 1061 1632 illius
1087 1567 1130 1632 de
1161 1577 1270 1632 nocte

317 1668 464 1733 interfici
490 1677 715 1752 procurarent
744 1676 779 1733 et
809 1668 1010 1750 progeniem
1039 1667 1113 1750 ejus
1139 1674 1269 1745 totam,

317 1769 435 1851 sicque
457 1775 497 1832 ut
518 1769 771 1850 possessionem
790 1767 943 1831 defuncti
959 1768 1176 1845 obtinerent3
1204 1769 1270 1849 qui

237 1916 243 1921 -
316 1875 433 1932 tamen
461 1887 566 1951 super
592 1875 646 1933 tot
666 1868 800 1950 flagitia
822 1868 914 1949 regis
938 1866 1193 1949 simplicitatem
1216 1867 1273 1930 ita

316 1968 627 2046 circumvenerunt,
636 1968 728 2050 quod
738 1969 832 2050 ipsos
847 1967 944 2048 regni
956 1965 1172 2049 justiciarios
1184 1984 1272 2028 con-

316 2069 480 2132 stituerat
504 2079 540 2131 et
561 2075 722 2132 rectores.
774 2066 917 2130 Tostius
941 2067 1060 2149 igitur,
1075 2072 1156 2148 post
1175 2064 1272 2130 hanc

316 2167 577 2232 altercationem
592 2187 668 2233 cum
683 2168 790 2231 fratre
802 2165 962 2230 Haroldo
976 2166 1116 2242 factam,
1132 2184 1154 2229 a
1170 2166 1274 2230 curia

317 2268 409 2348 regis
431 2267 635 2331 furibundus
651 2266 805 2343 recessit,
821 2273 857 2329 et
871 2266 1013 2329 veniens
1036 2265 1080 2328 ad
1099 2264 1273 2328 Heresor·

317 2364 456 2429 densam
472 2367 661 2443 civitatem,
679 2367 738 2430 ubi
753 2366 860 2430 frater
874 2384 959 2429 suus
974 2364 1153 2428 Haroldus
1170 2383 1275 2446 mag-

240 2530 246 2543 ,
319 2485 401 2529 num
421 2459 498 2546 >regi
520 2467 715 2530 convivium
738 2474 935 2548 paraverat,
952 2483 1070 2529 omnes
1092 2464 1274 2528 ministros

319 2565 394 2648 ejus
421 2564 652 2643 detruncavit,
675 2575 710 2629 et
733 2566 827 2629 vasis
851 2565 1009 2646 singulis,
1026 2565 1099 2628 vini
1123 2563 1274 2642 scilicet,

320 2665 489 2742 medonis,
515 2666 682 2742 cervisiae,
706 2665 872 2746 pigmenti
898 2663 1021 2728 morati
1042 2664 1162 2739 cicere,
1188 2682 1273 2727 crus

319 2764 520 2842 humanum,
542 2765 718 2829 brachium
735 2764 789 2827 vel
813 2763 953 2844 aliquod
976 2764 1164 2827 membrum
1188 2782 1273 2844 pro-

315 2864 414 2948 jecit,
437 2865 605 2928 mandans
628 2865 712 2945 regi,
730 2872 769 2928 ut
792 2863 835 2927 ad
858 2863 989 2926 firmam
1008 2881 1105 2926 suam
1123 2862 1272 2927 veniens

315 2964 414 3054 'cibos
437 2964 480 3027 ad
504 2962 742 3028 sufficientiam
759 2964 930 3027 inveniret
950 2962 1111 3038 salsatos,
1127 2960 1274 3025 delicias

320 3082 437 3127 secum
452 3063 584 3127 deferre
600 3072 748 3127 curaret.
795 3062 872 3126 Rex
891 3082 1028 3145 quoque
1045 3061 1110 3125 hoc
1124 3060 1272 3125 audiens

320 3164 365 3226 ob
390 3163 503 3226 scelus
528 3163 615 3227 adeo
636 3162 876 3226 detestandum
900 3182 976 3225 eum
1002 3161 1154 3225 exsulari
1176 3180 1272 3242 prae-

316 3264 418 3345 cepit.

339 3439 489 3518 annrodo
504 3440 656 3504 Norenses
672 3440 806 3503 comitem
821 3459 911 3502 suom
930 3437 1065 3501 Tostium
1080 3434 1119 3499 ab
1134 3434 1235 3520 Aspl'

690 3540 895 3623 supererunt.

263 3694 278 3724 n
370 3663 499 3727 Eodem
537 3673 691 3745 tempore
729 3662 1116 3727 Northanhumbrenses
1148 3660 1274 3741 quinto

253 3762 259 3773 ’
320 3783 430 3828 nonas
462 3764 622 3827 Octobris
652 3761 789 3825 insimul
826 3761 1036 3843 conglobati,
1067 3760 1111 3822 ad
1140 3760 1273 3823 Ebora·

321 3884 399 3928 cum
427 3863 617 3938 venientes,
638 3862 797 3925 comitem
821 3882 921 3924 suum
944 3860 1103 3924 Tostium
1127 3858 1273 3940 fugave-

321 3972 415 4040 runt,
441 3971 476 4028 et
497 3963 660 4026 familiam
685 3961 760 4045 ejus
784 3968 905 4036 totam,
928 3969 999 4024 tarn
1024 3960 1145 4023 Danos
1166 3978 1272 4040 quam

321 4061 471 4145 Anglos,
489 4064 708 4145 perimentes
723 4061 905 4125 thesauros
923 4069 958 4124 et
973 4078 1081 4136 arma,
1103 4065 1138 4122 et
1155 4060 1275 4121 omnia

320 4183 399 4245 quae
413 4164 507 4228 illius
523 4170 634 4240 erant,
652 4170 860 4244 rapuerunt3
882 4181 952 4244 quo
967 4160 1125 4242 expulso,
1143 4159 1274 4222 consti-
