2888 4852
317 404 381 468 lld
572 420 706 469 nocnnr
732 422 780 469 ns
802 421 1009 470 wannovnn

320 580 393 643 lieri
411 580 619 663 participes3
638 581 692 643 sin
711 588 840 657 autem,
858 579 1056 643 nullatenus
1072 578 1195 642 valetis
1210 596 1273 659 pa-

321 699 399 742 nem
423 680 505 743 vitae
528 681 702 763 suscipere
713 679 733 760 ;’
755 680 816 762 qui
842 680 1017 755 dixerunt,
1041 677 1192 742 ‘Sinon
1220 678 1273 741 vis

323 781 491 845 assentire
507 782 607 844 nohis
632 781 667 843 in
691 787 763 844 tam
778 780 871 844 facili
888 799 1006 856 causa,
1016 779 1091 863 jam
1114 798 1184 842 non
1209 797 1273 860 po-

161 896 280 958 counulot
323 880 406 944 teris
429 880 464 943 in
487 900 594 962 regno
615 888 733 945 nostro
748 879 941 944 demorari.'
992 879 1170 962 Expulsus
1188 897 1272 942 vero

160 947 252 1047 ltlllll.
324 980 481 1044 Mellitus
499 981 594 1045 venit
608 981 642 1044 in
659 979 832 1058 Cantiam,
851 987 1064 1046 tractaturus
1078 998 1156 1044 cum
1175 978 1271 1042 Lau·

323 1081 433 1144 rentio
464 1088 499 1145 ct
528 1080 552 1146 J
555 1088 633 1145 usto
664 1081 889 1164 coepiscopis»,
916 1080 999 1162 quid
1028 1079 1064 1142 in
1095 1078 1150 1142 his
1179 1086 1273 1142 esset

323 1180 519 1262 agendum3
552 1181 795 1263 decretumque
826 1189 879 1245 est
910 1174 1098 1245 ¹communi
1127 1177 1273 1242 consilio

322 1280 405 1362 quia
425 1280 535 1343 satius
552 1288 643 1345 esset
666 1290 705 1344 ut
727 1300 845 1344 omnes
860 1280 902 1344 ad
916 1280 1064 1364 patriam
1089 1278 1273 1342 redeuntes

322 1380 432 1443 libera
452 1380 499 1443 ibi
522 1386 635 1444 mente
652 1381 729 1445 Deo
744 1381 968 1458 deservirent,
986 1399 1089 1462 quam
1107 1379 1199 1442 inter
1219 1397 1271 1442 re-

162 1503 257 1542 neuun
268 1503 310 1543 aaa
322 1481 430 1544 belles
445 1480 524 1544 fidei
540 1482 614 1544 sine
632 1481 745 1544 fructu
769 1481 928 1545 residere.
981 1480 1182 1543 Discessere
1203 1477 1273 1542 uti·

162 1554 238 1593 Jurtus
250 1555 311 1594 leave
457 1581 464 1594 .
636 1583 643 1596 .
1218 1579 1224 1592 ·

162 1604 266 1655 sagma.
322 1600 389 1663 quc
413 1601 524 1664 prrmo
546 1581 703 1645 Mellitus
722 1589 757 1646 et
779 1581 801 1645 J
807 1589 904 1646 ustus
930 1581 974 1663 ad
995 1588 1113 1663 partes
1131 1577 1271 1656 Galhae,

320 1680 368 1745 ihi
390 1700 503 1744 rorum
518 1681 619 1745 finem
635 1689 820 1764 expectare
832 1682 1066 1765 disponentes.
1118 1679 1187 1742 Sed
1202 1699 1271 1743 non

321 1781 431 1846 multo
452 1789 532 1864 post
560 1788 713 1865 tempore
741 1802 851 1864 roges,
877 1782 936 1864 qui
962 1799 1156 1864 praeconem
1181 1798 1204 1842 a
1233 1798 1271 1843 se

321 1881 480 1946 veritatis
505 1882 724 1963 expulerant,
745 1883 876 1963 egressi
901 1882 937 1945 in
963 1881 1120 1965 praelium
1148 1887 1270 1943 contra

321 1989 459 2062 gentem
476 1980 711 2046 Gewiseorum
735 2001 854 2046 omnes
871 1982 1002 2065 pariter
1020 2000 1098 2045 cum
1118 1998 1182 2044 sua
1207 1979 1270 2043 mi·

321 2081 397 2146 litia
412 2081 530 2146 divino
540 2081 674 2165 judicio
691 2088 906 2146 corruerunt.

321 2245 482 2333 Qualiter
496 2253 697 2332 Laurentius,
714 2254 948 2318 Cantaurieasth
961 2253 1217 2340 archiepiscopus,
1232 2251 1271 2317 ab

513 2354 717 2438 apostolorum
725 2354 873 2439 principe
877 2353 1070 2440 stapellutcr.

372 2476 460 2540 Cum
476 2497 559 2541 vcro
576 2477 785 2543 Laurentius
802 2478 1080 2562 archiepiscopus
1096 2479 1270 2543 Mellitum

321 2575 531 2660 Justumque
555 2587 735 2642 secuturus
759 2599 800 2642 ac
823 2579 1040 2643 Britanniam
1059 2587 1151 2643 esset
1171 2580 1271 2644 relic·

321 2684 432 2753 turuS,
443 2677 550 2760 jussit
567 2677 644 2760 ipsa
667 2680 732 2742 sibi
748 2687 848 2743 nocte
871 2680 906 2742 in
928 2680 1075 2743 ecclesia
1090 2681 1270 2743 beatorum

321 2777 557 2860 apostolorum
586 2777 683 2843 Petri
707 2786 742 2843 et
767 2779 869 2864 Pauli
896 2787 1043 2843 stratum
1059 2782 1270 2863 praeparari;

323 2878 359 2940 in
375 2897 457 2960 quo,
473 2898 550 2941 cum
567 2887 647 2960 post
663 2879 790 2943 multas
805 2899 924 2961 preces
941 2899 981 2943 ac
995 2879 1190 2962 lachrymas
1205 2901 1270 2964 pro

321 2984 415 3041 statu
440 2978 593 3042 ecclesiae
622 2979 665 3042 ad
693 2979 806 3043 Deum
829 2979 925 3043 firsas
954 2980 997 3043 ad
1023 2979 1269 3062 quiescendum

321 3079 474 3141 membra
494 3080 668 3160 posuisset
688 3086 794 3162 atque
809 3080 1049 3157 obdormisset,
1062 3082 1224 3164 apparuit
1238 3081 1270 3144 ei

321 3178 540 3242 beatissimus
557 3179 792 3261 apostolorum
806 3180 979 3263 princeps,
994 3188 1028 3244 ct
1045 3181 1155 3245 multo
1171 3180 1268 3245 illum

322 3284 475 3359 tempore
500 3286 633 3342 secreto
663 3281 775 3343 noctis
798 3279 936 3344 silentio
960 3281 1106 3362 flagellis
1128 3281 1270 3345 acriori·

320 3376 385 3438 bus
401 3376 552 3441 afficiens
576 3379 818 3443 sciscitabatur
837 3381 1029 3463 apostohca
1045 3380 1270 3460 districtione,

320 3496 427 3558 quare
450 3498 602 3560 gregem,
625 3499 726 3561 quem
752 3481 818 3543 sihi
841 3481 916 3563 ipse
936 3479 1138 3559 tradiderat,
1164 3482 1268 3545 relin-

319 3585 453 3659 queret,
478 3578 531 3642 vel
556 3580 611 3641 cni
635 3587 813 3661 pastorum
838 3601 921 3645 oves
940 3581 1070 3645 Christi
1092 3581 1127 3644 in
1153 3582 1267 3646 medio

319 3676 475 3759 luporum
506 3680 638 3761 positas
666 3680 802 3762 fugiens
830 3681 904 3762 ipse
937 3681 1152 3761 dimitteret3
1189 3680 1267 3746 ‘An

320 3775 408 3852 mei,’
423 3779 547 3860 inquit,
569 3779 717 3843 ‘oblitus
736 3800 773 3845 es
798 3781 960 3863 exempli,
980 3764 1040 3863 qui
1057 3801 1120 3864 pro
1137 3800 1267 3865 parvu-

318 3876 362 3939 lis
379 3875 520 3954 Christi,
536 3899 624 3962 quos
646 3880 729 3943 mihi
746 3882 780 3944 in
799 3881 963 3944 indicium
981 3901 1054 3945 suae
1071 3880 1267 3947 dilectionis

317 3978 630 4059 commendaverat,
642 3980 792 4057 vincula,
808 3983 962 4058 verbera,
977 4000 1145 4059 carceres,
1161 3981 1268 4047 afflic-

352 4160 632 4234 messanensem]
647 4167 776 4229 SeeSpel·
838 4165 848 4193 ³
873 4167 987 4223 Qualiter
1009 4167 1192 4232 Laurentia]
1220 4170 1268 4219 See

315 4247 371 4282 roan
384 4233 433 4282 and
444 4235 565 4298 wilkins,
575 4236 609 4284 ad
620 4251 661 4285 an.
803 4234 907 4302 Beda‚§
920 4241 975 4286 1⁰4.
