2888 4852
163 1279 231 1318 Deatb
241 1280 266 1318 ol

160 1329 277 1370 Cuicbelm.

322 387 387 477 126
576 404 709 452 noorai
734 405 781 451 nn
806 403 1012 453 waubovsn

323 562 473 626 diturum
491 562 520 624 si
539 561 589 624 illi
606 561 785 626 victoriam
801 562 844 625 de
860 558 1065 639 Quicbelmo
1088 561 1271 638 conferret,

323 670 359 727 et
383 662 419 725 in
442 663 569 744 pignus
587 662 769 745 implendae
786 662 1023 745 promissionis
1044 662 1150 726 filiam
1173 682 1273 727 suam

324 758 493 843 baptizari
526 763 716 845 praecepit;
755 781 834 844 quae
862 781 939 825 cum
968 761 1112 844 triginta
1144 762 1187 826 de
1218 764 1272 827 sa·

324 860 419 924 milia
434 862 509 946 ejus
524 863 714 946 baptizata,
732 861 876 925 Eanfled
893 862 1070 945 appellata
1083 870 1146 927 est.
1199 864 1272 928 De·

324 961 415 1039 inde,
430 961 576 1027 collecto
593 964 761 1039 exercitu,
777 982 839 1026 rex
854 962 950 1026 venit
967 972 1089 1026 contra
1107 961 1272 1042 Quicbel·

325 1082 429 1140 mum,
460 1080 501 1125 ac
532 1062 623 1127 bello
651 1063 738 1127 inito
765 1063 944 1126 universos
970 1082 1058 1144 quos
1088 1063 1125 1126 in
1153 1083 1272 1127 necem

324 1180 423 1225 suam
446 1163 662 1244 conspirasse
681 1162 861 1238 didicerat,
876 1169 937 1226 aut
957 1163 1144 1227 trucidavit
1160 1172 1221 1228 aut
1237 1163 1272 1227 in

324 1261 532 1325 deditionem
553 1262 692 1343 recepit.
745 1255 1004 1340 ¹Quicbelmum
1019 1282 1101 1327 vero
1128 1263 1163 1326 in
1183 1264 1272 1341 loco,

324 1363 383 1444 qui
398 1361 519 1443 lingua
533 1358 728 1444 Anglorum
745 1360 1150 1440 ‘Quicbelmes-blauue'
1162 1383 1273 1447 usque

324 1460 426 1526 bodie
451 1461 589 1538 dicitur,
613 1462 800 1539 interemit,
825 1463 922 1525 etin
947 1462 1182 1527 testimonium
1198 1465 1271 1528 vic-

324 1562 423 1626 toriae
440 1561 516 1625 loco
539 1581 664 1625 nomen
681 1562 788 1640 dedit,
806 1570 841 1626 et
858 1562 907 1627 sic
928 1582 1006 1626 cum
1028 1564 1203 1647 triumpho
1226 1565 1271 1628 ad

324 1662 473 1744 patriam
488 1663 666 1726 remeavit.

323 1833 372 1898 De
388 1832 568 1898 revelatione
579 1834 674 1920 saeta
693 1833 834 1898 Paulino
857 1834 1089 1920 aestimarique,
1099 1857 1160 1920 per
1181 1857 1274 1922 quem

483 1956 536 1998 ree
551 1934 827 2017 Eodwieasfidem
844 1934 961 1999 Christi
973 1935 1112 2020 accepit.

376 2059 480 2125 Anno
495 2059 618 2141 gratiae
635 2075 805 2123 ncxxvu.
820 2058 913 2122 sacta
928 2066 981 2121 est
997 2056 1147 2122 Paulino
1161 2058 1272 2123 archi·

324 2161 487 2244 episcopo
509 2153 686 2242 ²quaedam
709 2158 875 2223 revelatio
894 2157 1120 2239 inspiratione
1144 2159 1275 2237 divina,

326 2268 366 2325 ut
381 2260 544 2336 creditur,
559 2280 637 2342 quae
653 2279 769 2340 regem
790 2259 995 2322 Eadwinum
1009 2259 1052 2321 ad
1068 2259 1273 2323 credendum

328 2360 530 2431 stimulabat
563 2359 628 2422 boc
662 2359 775 2424 modo.
834 2359 934 2435 Cum,
959 2357 1154 2424 Athelsrido
1178 2360 1274 2423 illum

239 2482 240 2485 ¹
328 2462 409 2524 olim
436 2467 675 2542 persequente,
699 2460 759 2541 qui
784 2467 867 2522 ante
895 2478 972 2522 eum
1002 2461 1174 2540 regnavit,
1196 2480 1275 2541 pro-

330 2562 433 2643 fugus
456 2559 546 2641 apud
571 2579 686 2640 regern
710 2558 928 2622 orientalium
944 2557 1137 2639 Anglorum
1160 2559 1276 2624 Reod·

329 2661 477 2726 waldum
495 2666 699 2736 moraretur,
720 2658 884 2740 cognovit
909 2678 970 2740 per
996 2659 1167 2741 quendam
1191 2661 1276 2724 ami-

315 2781 405 2835 ‚cum
446 2780 546 2824 suum
579 2759 831 2823 Reodwaldum
861 2758 1058 2822 muneribus
1089 2758 1275 2824 Athelsridi

327 2881 404 2926 esse
434 2867 645 2942 corruptum,
677 2866 716 2923 ut
743 2858 947 2923 Eadwinum
977 2867 1039 2922 aut
1069 2859 1276 2924 interficeret

328 2971 390 3027 aut
434 2961 572 3025 inimico
618 2960 771 3023 traderet
802 2958 1047 3042 jugulandum,
1089 2960 1275 3025 Eadwinus

328 3063 440 3126 amico
460 3060 649 3143 respondit,
663 3067 671 3093 ‘
685 3058 765 3137 Quo
790 3078 880 3123 nunc
892 3058 1037 3140 fugiam,
1052 3061 1111 3142 qui
1138 3067 1190 3124 tot
1212 3080 1274 3125 an-

327 3163 382 3226 nis
398 3181 459 3244 per
473 3180 592 3225 omnes
608 3159 799 3223 Britanniae
811 3158 896 3223 fines
911 3159 1106 3223 discurrens
1125 3159 1276 3224 bostium

328 3261 470 3325 insidias
496 3260 650 3323 evitavit
704 3259 741 3323 Si
765 3260 852 3323 mori
875 3267 1023 3342 oportet,
1047 3260 1139 3324 malo
1161 3269 1200 3324 ut
1222 3281 1277 3325 me

328 3361 384 3426 hic
403 3361 580 3424 interimat
595 3378 699 3441 quam
718 3360 923 3440 ignobilior!
976 3358 1136 3442 Dumque
1151 3361 1276 3425 mentis

328 3461 515 3543 angoribus
530 3461 567 3523 in
581 3458 672 3523 bunc
696 3458 834 3522 modum
858 3467 971 3523 tortus
994 3473 1095 3524 nocte
1118 3462 1275 3543 sequenti

361 3686 635 3754 ¹Qaielrelmumeero.]
647 3689 790 3738 Wandover
814 3691 840 3738 in
859 3693 917 3738 636.
959 3689 1088 3751 Florence,
1109 3691 1278 3756 Malmsbury,

326 3775 435 3823 appears
446 3767 471 3810 to
482 3762 556 3810 stand
568 3762 640 3810 alone
651 3761 677 3808 in
686 3760 736 3809 tbis
748 3774 789 3808 ac·
813 3760 864 3809 and
876 3760 1053 3822 Huntingdon,
1064 3761 1123 3810 wbo
1138 3763 1172 3811 all
1189 3766 1278 3813 record

327 3837 404 3879 count
415 3830 444 3879 of
457 3831 499 3880 the
517 3831 593 3880 death
611 3831 640 3879 os
648 3829 788 3879 Cuiebelm.
814 3830 855 3878 tbe
867 3831 1009 3889 actionare
1021 3831 1124 3892 equally
1133 3833 1277 3884 silentwitb

327 3900 381 3949 The
398 3902 481 3949 Saxon
493 3902 625 3951 Cbmuicle
641 3905 719 3949 states
736 3899 790 3948 that
814 3905 912 3963 respect
923 3906 947 3949 to
958 3899 998 3949 bis
1008 3901 1093 3949 death.

327 3976 354 4019 at
375 3971 426 4020 this
446 3973 524 4020 battle
551 3974 598 4020 live
625 3971 702 4032 kiugs
722 3985 790 4018 were
849 3966 1198 4039 ²Quaedamrroelatio.]'1'he
1210 3979 1277 4036 story

327 4042 402 4103 alain,
424 4043 470 4089 but
492 4043 615 4091 mentions
635 4040 790 4090 Cuicbelm⁸s
815 4039 843 4088 os
853 4041 894 4089 tbe
905 4041 985 4089 vision
997 4041 1047 4089 and
1059 4057 1115 4090 vow
1126 4041 1155 4090 ol
1168 4043 1277 4093 Eadwiu

327 4111 436 4173 baptism
445 4127 474 4161 aa
485 4113 617 4173 occurriug
634 4110 792 4175 afterwards,
816 4126 859 4160 are
871 4111 932 4160 srom
945 4111 1026 4173 Reda,
1037 4111 1051 4173 q
1064 4117 1120 4174 125,
1130 4127 1194 4176 seqq.
