2888 4852
416 417 555 465 rnonns
579 417 848 468 nrsroaranuu.
1039 405 1105 470 365

155 592 238 655 apes
256 573 391 637 viderat
406 574 637 650 descendisse,
654 573 837 657 conjectat.
880 573 981 638 Mare
997 575 1104 656 igitur

156 675 230 755 ipse
261 681 296 737 et
322 674 397 756 ejus
424 674 674 737 commilitones
698 672 952 755 ingrediuntur,
983 674 1105 736 flante-

155 793 222 854 que
251 772 295 835 ad
321 781 441 837 votum
466 781 582 849 vento,
609 774 755 836 emensis
786 773 947 838 fluctibus
978 774 1106 855 pelagi,

157 871 374 936 Gemeticum
396 873 552 949 veniunt,
576 873 636 935 ubi
657 872 832 953 quandam
855 873 1024 954 virginem
1049 892 1107 936 sa-

156 991 263 1047 cram,
288 972 425 1036 nomine
440 969 690 1047 Ameltrudem,
708 990 811 1054 quam
834 973 878 1034 ah
894 970 1026 1053 Anglia
1043 972 1108 1035 ad-

156 1078 393 1153 portaverant,
415 1072 450 1132 in
473 1070 608 1151 capella
628 1071 740 1133 sancti
756 1069 903 1135 Vedasti
925 1091 1029 1153 super
1054 1072 1105 1134 al·

156 1178 231 1234 tare
247 1170 458 1251 relinquunt.
501 1168 657 1247 Quorum
671 1169 857 1234 adventum
876 1169 1021 1247 Franco,
1034 1171 1105 1235 Ro·

158 1269 393 1349 thomagensis
424 1268 715 1350 archiepiscopus,
747 1288 959 1350 cognoscens
992 1277 1027 1333 et
1062 1270 1106 1334 de

157 1369 387 1450 possibilitate
413 1366 594 1431 resistendi
616 1366 784 1443 diffidens,
806 1368 959 1434 decrevit
985 1369 1105 1433 utilius

157 1467 229 1531 sore
246 1487 367 1549 pacem
384 1467 492 1530 abeis
508 1486 674 1549 quaerere,
688 1486 792 1548 quam
807 1468 885 1531 illos
901 1468 944 1531 ad
957 1487 1053 1532 arma
1069 1470 1105 1532 in

157 1568 211 1630 sui
237 1568 421 1649 perniciem
445 1584 653 1648 provocare3
677 1566 736 1647 qui
757 1565 903 1630 festinus
927 1568 1039 1632 viator
1060 1568 1105 1632 ad

156 1667 234 1730 illos
259 1666 401 1730 veniens
429 1685 548 1747 pacem
575 1672 696 1746 petens
727 1665 937 1747 impetravit,
960 1687 1106 1749 eamque

158 1765 286 1829 foedere
302 1765 500 1829 fidelissimo
518 1763 745 1828 confirmavit.
797 1764 966 1848 Suscepto
986 1767 1105 1848 itaque

160 1865 265 1929 Rollo
299 1865 449 1946 regionis
478 1864 630 1927 dominio
661 1862 919 1945 Rothomagum
950 1865 1036 1929 adiit
1071 1873 1107 1930 et

159 1965 336 2046 eleganter
368 1964 554 2027 destructae
582 1963 733 2027 civitatis
761 1963 889 2027 moenia
919 1966 1107 2047 reparavit,

159 2064 440 2147 circumjacentes
472 2064 628 2144 regiones
658 2063 853 2143 occupavit,
889 2064 1033 2128 castella
1070 2065 1106 2127 in

159 2163 244 2227 locis
273 2162 435 2244 congruis
458 2161 633 2237 formavit,
660 2167 697 2225 et
727 2169 853 2225 terram
883 2170 1004 2235 totam,
1027 2183 1106 2245 quae

160 2271 243 2325 tunc
271 2261 449 2337 Neustria,
473 2262 574 2325 modo
602 2280 685 2325 vcro
710 2260 926 2325 Normannia
954 2263 997 2325 ah
1022 2264 1108 2345 ipsis

161 2361 376 2425 Norensibus
405 2360 541 2437 dicitur,
572 2361 637 2423 suh
668 2379 732 2423 sua
756 2369 930 2443 potestate
967 2363 1107 2444 recepit

161 2461 216 2523 Ex
246 2462 311 2524 hoc
334 2481 470 2543 quoque
496 2459 646 2524 Rollone
677 2459 798 2544 inclyti
828 2461 1108 2525 Normannorum

159 2561 264 2624 duces
279 2561 446 2641 originem
463 2566 657 2636 traxerunt,
672 2559 762 2623 sicut
783 2580 847 2624 suo
866 2561 944 2625 loco
960 2580 1108 2643 sequens

161 2661 305 2724 historia
322 2659 522 2723 declarabit.

343 2834 393 2896 De
406 2842 507 2918 strage
519 2831 558 2896 ab
574 2833 688 2918 Acylla
703 2831 798 2896 illata
812 2832 927 2896 Dahis.

212 2956 316 3021 Anno
341 2957 480 3021 Domini
503 2973 725 3020 ncccxcvrn.
742 2956 938 3039 Stephanus
961 2955 1051 3019 sedit
1073 2954 1108 3017 in
1122 2972 1231 3062 phogor.

162 3058 326 3120 cathedra
350 3056 509 3120 Romana
531 3075 623 3119 anno
651 3076 732 3120 uno.
785 3056 916 3120 Eodem
938 3074 1028 3119 anno
1050 3054 1109 3119 de·
1123 3031 1255 3161 pffpfflii

162 3156 280 3219 functo
302 3156 467 3231 Eastano,
486 3155 717 3219 Londoniensi
734 3148 1109 3237 episcopo,¹Theodre·
1143 3134 1155 3162 ‘
1210 3149 1215 3161 '

162 3257 226 3318 dus
243 3256 421 3318 successit.
476 3254 602 3318 Eodem
629 3262 781 3336 tempore
799 3256 927 3336 pagani
951 3273 1030 3317 cum
1047 3273 1111 3316 sex

162 3355 271 3436 galeis
289 3357 322 3417 in
338 3355 464 3417 ostium
478 3354 639 3430 fluminiS,
649 3354 704 3417 cui
714 3348 742 3387 ²‘
754 3353 976 3417 Uthermare'
987 3373 1113 3417 nomen

199 3576 205 3604 ¹
220 3576 404 3640 Theodredua,]
426 3574 562 3624 sumamed
583 3575 626 3623 the
650 3577 728 3625 about
737 3575 790 3624 this
800 3575 861 3623 time
872 3575 934 3623 with
947 3576 987 3625 six
1004 3576 1075 3638 ships
1086 3581 1112 3625 to

164 3648 255 3705 Good;
271 3647 313 3695 the
333 3647 393 3695 time
409 3645 439 3693 ol
454 3646 493 3693 his
510 3644 586 3693 death
603 3646 625 3693 is
650 3648 691 3697 the
703 3646 755 3694 Isle
766 3645 796 3694 ot'
804 3644 900 3707 Wight‚
917 3645 968 3693 and
986 3646 1112 3695 extended

166 3717 304 3765 uncertain.
341 3717 383 3763 He
395 3730 449 3763 was
466 3714 555 3763 buried
572 3715 597 3762 in
610 3730 626 3763 a
650 3715 897 3766 theirdevustations
910 3719 935 3762 to
948 3716 1071 3764 thacoast
1087 3716 1116 3764 of

164 3791 238 3847 crypt
254 3787 334 3833 under
351 3785 393 3833 the
410 3790 511 3845 present
530 3782 625 3832 church
649 3784 816 3845 Devonshire,
833 3799 900 3845 upon
912 3784 996 3833 which
1008 3785 1113 3834 Aellred

165 3855 194 3904 ol
201 3857 228 3904 S.
240 3855 330 3912 Paith3
347 3853 625 3916 seclluntingd.Gest.
649 3854 754 3906 ordered
774 3859 819 3902 out
834 3855 892 3902 nine
911 3853 941 3901 oi
959 3854 999 3903 his
1018 3855 1114 3915 newly·

166 3925 261 3975 Pontis.
272 3941 299 3984 p.
311 3927 368 3972 236.
650 3928 716 3976 built
726 3925 821 3972 vessels
832 3924 933 3985 against
944 3924 1021 3983 them,
1028 3924 1113 3973 which

201 3994 211 4023 ²
225 3994 367 4043 Uthermore
376 3990 397 4051 ,·]
411 3992 557 4054 probablya
567 3991 627 4039 mis·
650 3996 730 4058 might
746 3999 790 4042 cut
806 3993 872 4041 thern
884 3992 927 4052 od,
944 3994 994 4042 and
1009 3999 1114 4053 prevent

165 4066 235 4125 take,
251 4064 403 4124 originating
420 4063 447 4110 in
458 4077 473 4111 a
485 4061 626 4110 misunder·
650 4066 716 4114 their
726 4064 823 4124 getting
834 4067 860 4110 to
870 4067 949 4120 aeas]
963 4073 1113 4122 pop-porion

166 4135 285 4194 standing
294 4133 322 4180 ot'
330 4134 463 4181 theSaxon
472 4136 534 4188 text,
542 4129 627 4178 where
651 4131 703 4179 him
715 4133 780 4195 pone
791 4129 886 4175 mutian
899 4139 984 4190 papan
996 4140 1028 4172 on
1041 4135 1111 4184 utep

166 4206 186 4252 it
197 4207 219 4253 is
231 4202 312 4254 stated
328 4202 383 4250 that
399 4201 440 4250 the
452 4202 539 4251 Danas
557 4214 627 4249 came
651 4213 735 4259 mapa.
772 4197 832 4245 Sar.
844 4195 938 4244 Chron.
950 4192 983 4241 ad
995 4207 1036 4242 au.
1049 4195 1105 4241 891.
