2888 4852
162 978 218 1018 Δ.1).
231 979 287 1016 1000.

161 1026 316 1067 coronstlonol

162 1077 235 1118 cnut'o
243 1087 301 1117 rous.

320 386 385 452 472
574 400 709 449 nouum
733 400 781 447 un
805 397 1010 447 wannovnn

322 571 358 626 et
379 562 498 625 oodem
522 580 626 638 anno,
653 567 789 624 mortuo
803 559 965 637 Eadrico,
982 555 1285 623 Dorkocestrensi

322 663 499 744 episcopo,
515 655 736 724 ¹Eadn0thus
753 660 931 724 successit.

470 832 558 913 Quod
575 834 673 897 Oculo
680 831 767 916 filios
783 853 852 897 suos
865 852 946 917 repes
960 828 1128 894 coronavit.

376 953 481 1019 Anno
507 955 648 1018 Domini
672 972 824 1019 dxxxv.
848 974 911 1019 rex
924 953 1131 1036 Anglorum,
1152 953 1283 1018 Dano-

327 1046 1283 1136 rumetNorwegensium,0nutomagnificus,²Suauum

326 1154 432 1217 filium
443 1173 555 1229 suum,
565 1173 608 1216 ex
619 1152 749 1235 Algiva
760 1162 893 1231 natum,
904 1173 1008 1236 super
1020 1152 1283 1234 Norwegenses

326 1273 442 1335 regem
464 1253 658 1329 constituit,
682 1260 788 1335 atque
814 1252 921 1316 filium
948 1272 1048 1315 sunm
1067 1251 1282 1315 Hardeonu-

327 1361 412 1429 tum,
427 1372 472 1415 ex
484 1352 606 1415 Emma
624 1353 743 1434 regina
758 1360 969 1435 susceptum,
984 1351 1066 1415 fecit
1079 1352 1115 1413 in
1129 1351 1282 1415 Daciam

326 1453 496 1529 coronari,
512 1461 547 1516 et
564 1453 613 1515 sic
629 1451 666 1516 iu
681 1451 846 1534 Angliam
862 1459 914 1515 est
930 1470 1098 1516 reversus.

497 1627 547 1689 Do
561 1633 654 1689 owrto
670 1624 818 1689 Cocconis
832 1623 911 1709 repis
922 1621 1105 1708 duplorum.

379 1749 509 1813 Eodem
540 1768 630 1812 anno
657 1747 772 1811 Cuuto
804 1766 864 1811 rex
891 1747 1153 1830 potentissimus
1183 1744 1282 1826 apud

328 1849 529 1931 Septoniam
558 1847 668 1930 pridie
693 1847 770 1910 idus
797 1845 1006 1910 Novembris
1032 1845 1123 1908 diem
1152 1843 1284 1907 clausit

329 1957 534 2024 extremum,
561 1955 595 2010 et
622 1947 779 2028 sepultus
804 1952 857 2009 est
885 1945 920 2008 in
943 1945 1028 2008 urbe
1044 1944 1283 2008 wintoniensi

329 2051 365 2112 in
393 2047 502 2111 veteri
530 2046 752 2122 monasterio,
779 2064 874 2108 more
902 2045 1011 2126 regio,
1036 2044 1136 2127 cujus
1161 2044 1283 2106 anima

330 2148 442 2229 gloria
461 2146 660 2227 perfruatur
682 2152 821 2208 aeterna.
874 2145 929 2207 De
951 2163 1021 2225 quo
1044 2162 1113 2206 non
1130 2143 1285 2206 arbitror

330 2265 405 2310 esse
430 2246 625 2322 tacendum,
656 2243 749 2327 quod
776 2263 854 2307 cum
879 2244 1058 2324 eleganter
1082 2241 1221 2305 floreret
1244 2241 1283 2303 in

331 2345 446 2428 regnis
477 2351 638 2426 potenter
670 2343 866 2425 adquisitis,
896 2343 1046 2424 regalem
1079 2340 1281 2405 cathedram

330 2438 385 2508 in³
405 2443 521 2506 littore
544 2444 649 2506 maris
672 2443 857 2506 crescentis
879 2442 988 2506 statui
1011 2441 1106 2518 fecit,
1122 2448 1156 2503 et
1178 2440 1215 2503 in
1239 2459 1283 2504 ea

331 2543 484 2607 residens
498 2542 736 2606 comminando
751 2542 841 2605 dixit
854 2562 863 2620 ;
881 2542 957 2604 ‘Tu
973 2559 1058 2604 meae
1074 2539 1215 2604 ditionis
1231 2560 1283 2617 es,

331 2650 366 2706 et
383 2650 475 2706 terra
498 2642 534 2705 in
557 2662 626 2724 qua
654 2642 756 2705 sedeo
784 2660 872 2719 mea,
891 2661 953 2704 nec
979 2648 1032 2703 est
1057 2641 1093 2702 in
1119 2658 1160 2702 ea
1185 2639 1284 2721 quis·

331 2763 447 2825 quam,
466 2744 525 2823 qui
548 2762 624 2805 meo
639 2741 782 2824 imperio
805 2743 964 2805 resistere
983 2747 1191 2822 praesumat3
1215 2740 1283 2801 im·

332 2862 415 2924 pero
448 2862 539 2906 nunc
565 2843 639 2918 tibi,
666 2862 709 2904 ne
733 2842 768 2904 in
797 2848 923 2904 terram
954 2859 1066 2903 meam
1091 2838 1284 2902 ascendens

333 2942 466 3023 regales
490 2960 584 3003 meas
600 2946 715 3004 vestes
737 2939 951 3003 madefacere
973 2957 1162 3021 praesumas
1175 2936 1194 3016 ;'
1219 2938 1285 3001 sed

333 3060 426 3104 mare
459 3041 642 3123 praeceptis
675 3039 751 3122 ejus
783 3059 851 3102 nou
886 3040 1138 3120 obtemperem,
1174 3037 1283 3119 pedes

333 3142 447 3221 regios
478 3148 513 3202 ct
553 3141 655 3203 tibias
695 3138 889 3203 madefecit.
953 3137 1033 3201 Rex
1065 3145 1180 3200 autem
1211 3136 1285 3202 fere

334 3240 435 3302 nimis
460 3238 557 3304 tarde
581 3238 784 3321 praesiliens,
811 3239 873 3314 ait,
893 3238 1034 3301 ‘Sciant
1052 3237 1187 3319 quidem
1208 3254 1285 3299 om-

333 3359 394 3402 ues
418 3340 629 3402 habitatores
655 3338 760 3414 orbis,
786 3357 911 3401 vanam
945 3357 1020 3400 esse
1052 3355 1092 3399 ac
1122 3335 1284 3399 frivolam

334 3459 454 3519 rogum
482 3439 685 3520 potentiam,
713 3457 775 3502 nec
802 3439 893 3519 regis
924 3438 1063 3501 nomine
1087 3436 1285 3519 quempiam

332 3645 386 3679 was
397 3630 476 3678 thrice
487 3629 575 3677 driven
586 3628 649 3676 from
660 3627 793 3689 thechair,
854 3628 982 3677 ’Sannum
995 3628 1079 3693 filium
1098 3642 1168 3676 mem
1185 3643 1218 3675 ex
1235 3627 1283 3677 Ar-

331 3701 381 3749 and
393 3715 422 3747 as
433 3698 501 3747 often
512 3697 630 3760 regained
650 3700 793 3758 possession
817 3698 899 3761 giem]
922 3699 1041 3746 l‘lorence
1058 3701 1136 3745 stateo
1152 3698 1207 3746 that
1226 3698 1285 3746 Elf·

332 3771 361 3819 of
369 3772 397 3829 it,
409 3768 472 3817 until
484 3770 510 3817 in
521 3769 585 3828 luly
598 3768 793 3828 1048,whenhe
820 3768 870 3830 gife
893 3768 943 3816 hed
963 3768 1075 3829 imposed
1097 3766 1140 3814 the
1163 3782 1207 3815 son
1223 3767 1253 3816 of
1267 3785 1285 3818 a

331 3839 465 3889 abdicated
484 3841 509 3887 in
528 3838 617 3887 favour
634 3836 663 3885 of
678 3838 793 3900 Gregory
819 3839 898 3898 priest
916 3853 984 3899 upon
1000 3839 1045 3885 her
1059 3837 1175 3885 husband
1192 3852 1221 3885 as
1238 3837 1286 3888 her

332 3910 374 3959 the
386 3910 462 3958 sixth.
819 3923 890 3966 own;
910 3908 944 3955 ad
955 3922 996 3957 an.
1009 3910 1081 3956 loss.

368 3978 552 4041 ¹Eodootltus.]
571 3977 621 4026 His
633 3977 709 4025 death
721 3977 795 4025 isra·
856 3975 908 4025 ³lrr
925 3977 1008 4025 littore
1025 3976 1121 4039 maria]
1138 3976 1191 4024 The
1209 3992 1287 4026 auec·

332 4051 425 4110 riously
439 4049 564 4109 reported,
576 4048 656 4095 below
677 4048 701 4095 in
722 4051 794 4107 1050,
820 4046 878 4094 dote
896 4044 925 4095 of
938 4047 1006 4095 Cnut
1023 4047 1153 4106 following
1170 4048 1192 4094 is
1209 4053 1235 4095 to
1252 4049 1285 4097 be

331 4122 363 4180 by
389 4120 507 4167 Florence
537 4123 609 4177 1040,
631 4117 681 4166 and
703 4119 728 4166 in
752 4117 793 4165 the
820 4116 897 4165 found
918 4119 942 4165 in
961 4117 1048 4179 llenry
1060 4116 1089 4164 of
1106 4116 1286 4181 Huntingdon,

331 4191 391 4239 Sex.
405 4190 498 4239 Chron.
512 4192 582 4237 1010.
820 4202 845 4246 Ι).
859 4191 915 4236 004.
