2888 4852
431 429 865 501 umens-ursronrnnuu.
1058 409 1125 474 489

175 586 240 648 bus
271 585 343 648 suis
375 585 566 651 interiectis
593 586 694 649 nimis
717 587 951 668 perturbatus,
979 583 1022 647 de
1050 587 1126 646 tota

175 690 269 747 terra
286 704 362 762 sua,
378 686 413 748 id
438 693 503 763 est,
521 687 563 749 de
578 684 716 762 Cautio,
733 685 939 749 suth-sexis
954 690 989 746 et
1006 681 1125 746 West-

174 784 284 860 sexis,
308 793 343 849 et
361 785 453 848 filius
470 785 545 869 ejus
562 786 813 868 primogenitus
833 785 972 847 Sueuus
988 782 1031 846 de
1049 789 1125 845 tota

176 889 269 946 terro
285 903 361 961 sua,
376 883 410 948 id
427 892 493 962 est,
510 883 714 960 Oxouiensi,
736 882 992 957 Giovernionsi,
1011 880 1124 944 Here·

176 981 340 1060 fordensi,
370 983 618 1048 somersetensi
658 992 692 1048 et
722 983 887 1047 Bercensi
924 979 1125 1064 provinciis,

179 1079 356 1146 Haroidus
381 1082 473 1147 filius
497 1083 573 1166 ejus
597 1083 640 1147 de
664 1082 793 1147 bonore
815 1102 892 1157 suo,
918 1081 954 1145 id
977 1087 1042 1157 cst,
1059 1078 1125 1141 Es·

179 1199 274 1257 sexe,
302 1180 535 1264 East-angiia
559 1181 784 1264 cantebrigia
805 1190 840 1246 et
861 1178 1125 1255 Huntendunia‚
1305 1258 1311 1267 Ι

180 1279 354 1361 ingentem
390 1282 578 1345 exercitum
606 1280 831 1363 collegerunt.
889 1279 1014 1343 Comes
1042 1297 1125 1342 vero
1138 1292 1170 1331 11·
1179 1302 1252 1332 eonse-

180 1377 372 1442 Godwinus
398 1388 451 1444 tot
474 1381 583 1463 copiis
607 1388 818 1444 armatorum
848 1379 884 1442 in
912 1376 1125 1462 provinciam
1138 1349 1284 1433 diffida-

179 1479 273 1542 venit
298 1477 594 1557 Gloverniensem,
620 1490 655 1543 et
678 1479 793 1542 missis
820 1478 864 1542 ad
887 1497 1002 1560 regem
1029 1476 1126 1558 lega-

179 1577 236 1653 tis,
255 1577 480 1642 Eustachium
506 1580 666 1643 comitem
689 1598 766 1642 cum
789 1579 862 1641 suis
879 1577 1038 1641 omnibus
1060 1575 1126 1639 sibi

179 1675 275 1739 reddi
298 1677 477 1742 mandavit
492 1680 557 1741 sub
578 1677 837 1742 denuntiatione
862 1676 965 1755 belli3
989 1675 1045 1739 cui
1064 1694 1126 1738 rex

180 1775 385 1840 militaribus
408 1777 516 1859 copiis
541 1776 749 1841 sufficienter
773 1777 961 1841 instructus
995 1773 1126 1857 signifi-

179 1876 283 1952 cavit,
308 1875 401 1959 quod
433 1876 658 1940 Eustachium
683 1876 842 1941 comitem
871 1874 915 1938 ad
949 1894 1027 1938 eum
1057 1893 1127 1937 non

180 1975 344 2051 mitteret,
369 1975 572 2059 praecipiens
596 1977 751 2058 insuper,
774 1983 826 2052 ut,
848 1974 908 2056 qui
932 1980 1055 2038 contra
1076 1973 1130 2055 ip·

180 2092 256 2135 sum
283 2075 471 2138 exercitum
486 2076 674 2157 collegerat
692 2084 727 2139 et
744 2075 842 2156 regni
857 2092 976 2156 pacem
993 2080 1128 2155 pertur-

179 2173 333 2249 baverat,
354 2167 414 2237 ¹ad
438 2175 568 2238 curiam
586 2175 731 2251 veniret,
753 2193 858 2257 super
880 2181 981 2237 tanta
1001 2172 1130 2256 injuria

180 2292 407 2354 responsurus
435 2282 470 2337 et
489 2273 562 2357 juri
585 2275 773 2355 pariturus.
827 2271 1019 2336 Godwinus
1035 2291 1129 2347 vcro,

179 2372 268 2436 sicut
283 2391 360 2434 eum
378 2393 459 2455 rege
482 2372 639 2455 praelium
666 2392 845 2438 conserere
870 2392 939 2436 non
965 2371 1128 2449 audebat,

180 2471 231 2534 ita
253 2472 297 2535 ad
323 2473 453 2535 curiam
476 2472 552 2556 ejus
567 2473 683 2537 venire
707 2472 926 2548 formidabat,
952 2471 1041 2535 unde
1064 2490 1127 2534 rex

179 2571 351 2635 communi
366 2573 471 2635 curiae
488 2591 561 2636 suae
578 2572 717 2637 decreto
735 2573 847 2654 ipsum
865 2570 1074 2635 Godwinum
1092 2577 1128 2633 et

178 2672 330 2753 quinque
358 2670 447 2735 filios
478 2670 554 2754 ejus
582 2666 648 2735 ²ab
678 2669 810 2752 Anglia
839 2670 1035 2748 exsulavit3
1067 2670 1127 2751 qui

178 2789 259 2833 mox
285 2790 362 2834 cum
388 2789 498 2833 uxore
523 2789 588 2833 sua
614 2769 730 2852 Gyva,
753 2776 789 2833 et
810 2769 911 2832 Tosti
936 2767 1028 2831 filius
1051 2767 1128 2850 ejus

179 2889 256 2932 cum
289 2888 354 2932 sua
381 2868 529 2952 conjuge
557 2868 580 2932 J
583 2869 693 2945 udith,
727 2868 799 2931 filia
829 2867 961 2931 scilicet
992 2867 1127 2931 comitis

181 2967 404 3031 Flandrensis
421 2967 627 3045 Baldewini,
643 2976 679 3032 et
695 2967 754 3030 alii
776 2967 845 3031 duo
858 2965 919 3029 filii
937 2966 1014 3050 ejus
1037 2965 1126 3030 Sua·

179 3087 245 3131 nus
259 3075 295 3131 et
307 3066 434 3143 Gurth,
445 3060 580 3131 ³navem
594 3087 673 3131 cum
688 3067 859 3160 thesauris
875 3066 993 3130 multis
1007 3084 1127 3129 ascen·

180 3167 312 3243 dentes,
338 3167 374 3228 in
404 3166 602 3229 Fiandriom
627 3186 766 3230 cursum
794 3165 837 3229 ad
861 3165 1043 3248 praefatum
1068 3184 1126 3229 co·

181 3267 297 3330 mitem
322 3266 533 3330 direxerunt.
587 3265 698 3329 Porro
715 3266 777 3329 filii
799 3265 875 3348 ejus
892 3263 1070 3329 Haroldus
1093 3272 1128 3329 et

178 3515 237 3549 sons
248 3505 298 3547 met
307 3504 333 3547 at
344 3497 641 3548 Bevoretouinorderto
667 3512 743 3547 cause
776 3498 908 3547 securities
934 3513 1002 3548 were
1036 3500 1128 3550 denied

178 3569 263 3619 attend
274 3570 304 3630 it,
314 3568 360 3616 but
371 3583 437 3616 were
455 3568 590 3629 presented
607 3570 641 3629 by
666 3567 727 3616 him.
763 3568 824 3617 Sur.
836 3567 930 3618 chron.

179 3640 242 3688 sulse
277 3639 487 3699 representatione
516 3637 571 3686 thot
598 3638 641 3687 the
700 3636 761 3686 ’Ab
782 3637 878 3698 Anglia
899 3638 1052 3702 exsulavit]
1070 3640 1127 3688 Flo-

180 3708 324 3757 Welsbmen
360 3707 410 3756 had
439 3707 513 3756 made
541 3709 641 3770 against
666 3722 739 3755 renue
756 3721 816 3768 says
835 3707 890 3756 that
907 3709 949 3756 the
968 3709 1127 3772 reasonwhy

179 3779 245 3827 them
257 3776 341 3825 before
352 3776 395 3825 tbe
406 3778 477 3839 iring.
666 3776 776 3825 Godwiu
789 3777 836 3824 fied
845 3776 887 3825 the
898 3785 1002 3839 country
1011 3794 1066 3827 was
1074 3780 1128 3829 that

666 3847 706 3895 his
715 3860 786 3906 army
797 3845 848 3894 bad
859 3846 973 3895 deserted
985 3847 1046 3896 him.

218 3912 283 3964 'Aa
308 3914 401 3963 curium
428 3909 551 3981 veniret]
579 3914 641 3963 This
701 3913 816 3964 ⁸It'uoem
836 3930 890 3964 cum
910 3916 1030 3965 thesauris
1045 3918 1129 3965 multis

180 3999 308 4035 summoue
325 3999 379 4032 was
396 3984 482 4033 issued
499 3984 561 4033 irom
573 3999 589 4032 a
603 3999 642 4032 se·
665 3985 837 4047 ascendentes]
859 3985 931 4045 They
948 3987 1085 4034 emberked
1102 3991 1128 4036 st

180 4055 244 4105 cond
255 4054 355 4103 eouncil
365 4053 492 4102 conveued
503 4060 529 4102 ut
539 4053 641 4102 London
667 4054 838 4103 Bosenbeurin
846 4055 956 4114 Sussex;
966 4056 1026 4105 Sar.
1033 4055 1126 4106 Chron.

181 4127 206 4173 in
223 4125 370 4186 September
385 4123 414 4171 oi
427 4123 469 4172 the
487 4137 555 4171 same
570 4138 640 4183 year.
666 4125 784 4173 Fiorence
803 4125 853 4172 und
874 4125 974 4174 Simeon
992 4140 1037 4186 suy
1049 4127 1128 4175 Thor-

179 4195 233 4243 'l'he
256 4195 309 4243 eorl
329 4192 431 4243 refused
449 4198 474 4242 to
496 4193 581 4242 attend
598 4194 641 4242 be·
665 4210 712 4255 ney
724 4194 821 4255 island,
832 4195 925 4243 Hauts.
