2888 4852
413 452 552 500 rnoaus
575 452 845 503 utsronmnun.
1037 438 1102 501 431

153 609 322 674 Wellensi
340 609 514 691 episcopo,
529 602 715 673 ¹Allwinus
731 610 909 675 successit.
953 603 1101 674 'Eodem
1116 631 1264 671 onomaton.

154 729 246 773 anno
263 708 543 791 septentrionalis
557 708 699 787 Wallia,
717 709 951 788 Dorsetensisr,
968 710 1103 774 Cornu·

153 810 294 884 biensis,
311 809 553 885 Deveniensis,
567 810 767 890 provinciae,
784 810 879 874 nullo
894 811 1066 888 obstante,
1081 829 1103 874 a

154 909 266 973 Danis
297 909 377 990 igne
406 916 440 971 et
467 907 557 971 ferro
587 927 664 971 cum
690 909 842 973 caedihus
869 910 1043 975 hominum
1068 919 1104 975 et

153 1008 282 1090 rapinis
300 1008 464 1071 desolatae
482 1015 576 1085 sunt,
592 1015 627 1072 et
642 1010 850 1086 coenobium,
868 1010 960 1093 quod
978 1011 1103 1074 Tavis-

154 1107 236 1172 toke
249 1108 387 1185 dicitur,
401 1116 454 1171 est
472 1108 610 1189 ignibus
625 1109 841 1173 devoratum.

1114 681 1262 721 ottheDnnes.

428 1281 477 1344 Dc
494 1279 651 1345 Geroberto
665 1291 816 1366 apostata.

206 1403 310 1468 Anno
326 1404 467 1467 Domini
485 1421 729 1468 ococcxcvur.
746 1399 780 1468 ³J
784 1405 938 1469 ohannes
960 1405 1050 1469 sedit
1069 1404 1104 1467 in
1116 1426 1226 1467 noos.

155 1503 320 1568 cathedra
334 1504 495 1567 Romana
516 1505 691 1568 mensibus
709 1505 838 1568 decem.
892 1504 1021 1568 Eodem
1045 1479 1237 1567 amfo‘iiifflr·

156 1624 201 1667 no
215 1604 381 1668 successit
394 1605 426 1667 ei
441 1597 637 1680 ⁴silvester,
652 1605 711 1687 qui
728 1611 763 1668 et
773 1602 995 1681 Gerebertus,
1005 1605 1104 1667 annis
1116 1578 1217 1618 ΜΨ
1226 1578 1257 1617 “’

154 1712 304 1786 quatuor
319 1712 354 1767 et
371 1723 486 1767 mense
501 1723 580 1767 uno.
617 1699 711 1768 ⁶Iste
727 1702 937 1768 Gerebertus
956 1723 1000 1767 ex
1018 1701 1104 1767 Gal·

156 1804 204 1866 lia
237 1811 341 1867 natus
375 1803 466 1887 apud
498 1803 694 1867 Florianum
725 1824 747 1867 a
777 1823 885 1886 puero
915 1802 1105 1867 monachus

157 1902 321 1980 adolevit,
345 1905 404 1984 qui
430 1902 485 1966 vel
511 1903 614 1966 taedio
637 1923 698 1966 seu
726 1903 885 1989 cupidine
907 1902 1043 1979 ductus,
1061 1902 1104 1966 de

156 2009 257 2066 uocte
280 2002 416 2083 fugiens
440 2002 484 2065 ad
501 2001 722 2084 Hispaniam,
741 2012 780 2067 ut
797 2002 1021 2084 astrologiam
1035 2002 1105 2065 dis-

156 2108 260 2178 ceret,
278 2102 476 2179 convaluit;
500 2122 568 2183 quo
591 2122 669 2165 cum
692 2103 916 2184 pervenisset,
928 2102 1050 2185 junxit
1066 2121 1104 2165 se

156 2200 367 2265 Gerehertus
392 2201 526 2264 cuidam
545 2201 638 2265 illius
663 2203 749 2265 artis
772 2202 895 2283 perito,
916 2201 975 2285 qui
997 2202 1104 2265 libros

156 2300 188 2365 ei
217 2301 468 2364 astronomicos
497 2301 644 2382 praebuit
672 2301 716 2364 ad
739 2301 968 2365 scribendum.
1019 2301 1106 2365 Erat

156 2408 272 2464 autem
290 2401 380 2465 inter
394 2408 538 2465 caeteros
560 2401 670 2465 codex
688 2421 778 2464 unus
800 2401 909 2465 totius
924 2401 1009 2465 artis
1024 2412 1106 2464 con·-

157 2501 262 2575 scius,
285 2521 385 2582 quem
413 2501 509 2564 nullo
536 2500 637 2564 modo
665 2500 788 2565 elicere
810 2508 948 2583 poterat
969 2500 1011 2563 de
1033 2520 1107 2563 ma·

156 2601 258 2664 nibus
285 2601 464 2682 magistri3
490 2600 635 2664 ardebat
659 2608 820 2665 econtra
833 2600 1044 2665 Gerebertus
1068 2600 1105 2662 in

157 2700 438 2781 concupiscentia
461 2699 551 2776 libri,
576 2699 666 2762 unde
694 2699 739 2762 ad
763 2719 882 2781 preces
906 2718 1105 2775 conversus,

160 2800 219 2862 uhi
245 2798 329 2861 nihil
364 2798 521 2879 profecit,
543 2797 687 2861 donaria
708 2799 819 2861 multa
843 2797 945 2862 offert
966 2805 1001 2861 et
1027 2798 1105 2880 plu·

159 2899 247 2960 rima
262 2896 456 2979 pollicetur,
470 2896 543 2973 sed,
560 2897 717 2960 omnibus
737 2917 759 2960 a
777 2897 944 2978 magistro
960 2897 1106 2979 promis·

158 2996 312 3060 sionibus
331 2996 551 3078 contemptis,
568 2995 779 3060 Gerehertus
803 3004 987 3060 nocturnas
1005 3004 1107 3079 parat

157 3096 310 3172 insidias,
329 3104 368 3160 ut
383 3095 506 3160 saltem
523 3095 615 3160 furto
635 3096 787 3160 codicem
803 3095 978 3178 surripiat.
1032 3096 1106 3159 lta-

159 3216 228 3278 que
260 3196 464 3278 magistrum
501 3197 743 3260 convivantem
777 3196 881 3260 etiam
916 3196 988 3259 filia
1018 3195 1107 3278 ejus,

159 3316 265 3379 quam
289 3295 430 3360 amabat
453 3293 675 3372 Gerehertus,
697 3303 830 3378 patrem
853 3296 934 3360 vino
960 3295 1108 3358 inebria-

159 3404 233 3460 tum
267 3395 357 3460 lecto
385 3395 572 3478 componit,
598 3396 827 3477 volumenque
857 3395 921 3457 sub
946 3394 1107 3458 cervicali

196 3612 360 3677 ¹Alstoinno‚]
377 3614 459 3663 called
477 3614 531 3663 also
542 3614 621 3663 Adel·
682 3612 854 3677 ⁴Siloester‚]
875 3615 916 3663 tha
940 3616 1052 3675 second3
1076 3616 1107 3665 he

159 3699 250 3745 wynus
271 3685 322 3732 oud
344 3685 480 3744 Elwiuus;
508 3684 540 3733 he
562 3685 621 3733 died
646 3685 884 3734 wasmisedtothe
904 3685 981 3747 papal
997 3687 1069 3734 chair
1082 3686 1108 3735 in

159 3754 237 3802 about
246 3752 288 3801 the
300 3768 361 3815 year
373 3758 445 3802 1000.
646 3757 695 3803 999
717 3755 751 3814 by
774 3754 815 3804 the
839 3770 953 3817 emperor
975 3755 1044 3805 Otho
1066 3756 1108 3805 the

195 3820 308 3871 ²Eodem
325 3823 408 3886 oona]
436 3823 467 3871 ln
488 3823 530 3872 the
553 3839 621 3873 same
646 3823 1107 3889 third,whohadbeenhispupil‚and

161 3907 222 3954 year
233 3892 292 3953 they
303 3893 358 3941 also
368 3893 420 3941 laid
429 3898 508 3941 waste
516 3894 621 3943 Weced·
645 3894 705 3943 died
716 3896 742 3942 in
755 3894 818 3956 May
832 3899 903 3944 1993.

161 3968 226 4024 port,
246 3978 275 4011 or
291 3962 416 4021 Watchet,
440 3963 466 4009 in
484 3963 621 4013 Somersot-

162 4033 238 4093 shira,
250 4032 312 4080 with
332 4034 375 4080 tire
392 4032 442 4079 and
462 4032 503 4081 the
521 4033 620 4095 sword;
680 4031 753 4082 ⁸Iste
777 4027 957 4100 Gerebertus.]
985 4033 1039 4082 'l’he
1062 4048 1106 4082 ac·

160 4102 221 4150 Snx.
232 4102 410 4162 (lhron.,l'lor.
645 4108 733 4152 counts
746 4104 876 4165 following
892 4118 935 4152 are
952 4103 1029 4151 taken
1044 4102 1106 4152 lrom

197 4170 366 4235 Uolturnus]
386 4171 427 4220 the
450 4173 620 4234 serenteenth,
644 4173 716 4221 those
743 4174 862 4223 recorded
885 4175 918 4234 by
941 4173 1109 4235 manshun,

162 4242 289 4303 antipope,
312 4243 359 4291 See
370 4242 459 4303 above,
469 4242 502 4291 ad
514 4247 619 4294 919996.
646 4239 659 4306 §
670 4247 727 4299 tot,
738 4258 804 4305 seqq.
