2888 4852
374 402 425 449 XX
764 398 937 447 PRBFAGR.

374 557 458 621 loris
483 557 663 621 dirissimis
690 556 978 636 constringentes,
1009 559 1090 616 ante
1113 569 1221 632 equos
1243 568 1325 613 suos

374 675 498 721 versus
513 657 689 721 civitatem
706 653 943 720 Verolamium
963 652 1064 715 nudis
1086 649 1242 715 incedere
1264 668 1324 731 pe·

374 754 475 819 dibus
500 755 760 839 compulerunt3
790 752 850 816 sed
877 771 947 834 quo
972 751 1083 833 magis
1097 749 1235 815 Albano
1260 767 1325 811 suo

375 854 680 939 appropinquavit,
706 873 747 917 eo
770 849 918 934 amplius
941 852 1110 932 asperitas
1130 849 1263 913 viarum
1289 854 1326 910 et

374 953 504 1017 laboris
531 953 659 1037 injuria
683 952 876 1033 mitigatur,
908 958 956 1026 et,
988 949 1069 1013 dum
1101 949 1167 1012 iter
1197 947 1325 1030 agitur,

376 1052 548 1116 hominem
570 1052 785 1134 languidum,
803 1050 1000 1115 videntibus
1022 1047 1167 1123 cunctis,
1188 1047 1325 1111 vinctus

377 1149 606 1234 Amphibalus
622 1170 644 1215 a
661 1149 807 1214 vinculis
823 1148 1034 1211 infirmitatis
1051 1147 1211 1210 absolvit.
1252 1145 1324 1209 De·
1422 1190 1425 1200 .

375 1250 493 1332 nique,
510 1270 589 1315 cum
602 1269 667 1314 sua
685 1250 759 1334 jam
781 1255 922 1331 possent
936 1247 1067 1311 moenia
1086 1265 1223 1310 cernere
1240 1244 1326 1308 civi-

375 1350 471 1426 tatis,
499 1349 677 1432 paululum
698 1349 735 1412 in
759 1346 917 1412 hocloco
942 1347 1078 1411 deserto
1098 1352 1198 1409 scuta
1224 1343 1324 1407 recli-

375 1455 463 1512 nant
482 1456 518 1512 et
537 1448 656 1513 hastas
679 1447 794 1512 telluri
814 1446 980 1528 defigunt.
1039 1444 1183 1509 Caeteris
1210 1444 1325 1525 quies·

375 1548 545 1626 centibus,
569 1548 663 1613 solus
687 1546 917 1629 Amphibalus
947 1545 1098 1628 requiem
1125 1563 1193 1608 non
1221 1542 1324 1606 habe-

375 1648 448 1723 bat,
471 1647 532 1711 sed
558 1649 630 1712 suis
657 1647 934 1731 persecutoribus
959 1645 1102 1709 verbum
1131 1642 1324 1726 praedicans

375 1745 504 1824 docuit,
537 1747 629 1831 quod
658 1748 799 1812 verbum
830 1745 898 1809 Dei
928 1763 996 1807 non
1029 1744 1143 1825 potuit
1175 1742 1323 1824 alligari.

376 1844 572 1911 Nuntiatur
597 1846 732 1910 interim
755 1845 791 1909 in
813 1845 954 1909 civitate
976 1841 1068 1925 quod
1094 1843 1188 1906 cives
1211 1842 1245 1904 in
1264 1861 1325 1924 pa-

378 1945 478 2008 triam
494 1952 717 2020 remeassent,
733 1951 769 2007 et
786 1944 878 2026 quod
900 1943 1105 2024 magistrum
1122 1941 1251 2007 Albani
1269 1961 1324 2006 se·

376 2062 454 2106 cum
470 2044 710 2123 reduxissent3
737 2044 864 2108 dictum
883 2049 938 2106 est
954 2043 1058 2106 etiam
1083 2042 1174 2124 quod
1193 2059 1324 2119 omnes,

377 2160 441 2224 pro
456 2143 581 2224 quibus
601 2144 668 2208 iter
683 2151 754 2207 tam
771 2142 980 2207 laboriosnm
998 2147 1270 2224 assumpserant,
1287 2141 1324 2204 in

376 2243 541 2306 extremis
558 2243 683 2308 finibus
697 2242 813 2324 gladio
828 2243 1014 2324 perierunt.
1059 2240 1083 2305 J
1086 2240 1177 2304 udex
1195 2247 1325 2319 antem,

378 2359 456 2403 cum
472 2341 556 2406 talia
570 2342 802 2425 cognovisset,
822 2360 937 2405 coram
961 2341 1054 2405 omni
1076 2339 1204 2423 populo
1222 2339 1325 2417 dixit,

378 2439 627 2522 ‘Egrediamnr
648 2440 799 2505 universi
819 2448 853 2505 et
868 2441 1006 2505 inimico
1025 2446 1145 2503 nostro
1164 2458 1324 2503 occurra-

377 2558 467 2616 mus,
495 2541 615 2625 utqui
640 2540 854 2622 dignoscitur
881 2540 1071 2613 offendisse,
1101 2539 1145 2602 ab
1166 2539 1324 2603 omnibus

377 2638 444 2702 sibi
464 2639 651 2704 vindictam
676 2641 805 2703 sentiat
825 2638 993 2721 irrogari?
1044 2637 1144 2701 Tunc
1164 2638 1253 2701 alter
1274 2638 1325 2701 al·

253 2766 257 2775 ·
377 2744 501 2815 terum,
518 2748 557 2803 ut
572 2739 725 2803 velocius
740 2746 809 2815 eat,
824 2738 994 2815 hortatur,
1018 2744 1054 2801 et
1074 2738 1109 2800 in
1128 2757 1227 2801 suum
1246 2757 1323 2801 sese

377 2837 533 2903 excitant
556 2839 740 2902 inimicum.
792 2837 989 2902 Tendentes
1018 2855 1100 2918 ergo
1130 2856 1191 2918 per
1218 2837 1323 2914 viam,

377 2955 455 3018 qua>
471 2935 514 3002 de
530 2938 672 3002 civitate
687 2937 800 3019 vergit
816 2936 860 3000 ad
881 2936 1089 3019 aquilonem,
1108 2936 1227 2999 urbem
1251 2936 1324 3001 fere

378 3053 521 3099 vacuam
542 3037 775 3119 reliquerunt3
798 3043 833 3100 et
854 3036 1030 3100 venientes
1050 3034 1221 3100 advirum
1242 3036 1322 3114 Dei,

377 3134 584 3199 invenerunt
610 3156 687 3199 cum
714 3135 862 3200 vinculis
890 3135 1071 3212 irretitum,
1104 3155 1205 3218 quem
1240 3155 1323 3199 mox

377 3234 529 3298 atrocius
564 3235 767 3317 arripientes
798 3233 1093 3317 exspoliaverunt,
1123 3235 1325 3316 visceraque

377 3331 452 3415 ejus
486 3332 663 3415 patefacta
695 3333 775 3417 palo
811 3335 848 3396 in
880 3340 1006 3397 terram
1036 3332 1146 3397 refixo
1179 3334 1324 3397 circum-

377 3430 538 3513 ligantes,
561 3439 719 3497 sanctum
737 3433 804 3496 Dei
826 3432 1027 3497 incircuitu
1051 3432 1123 3515 pali
1145 3433 1321 3497 ambulare

377 3529 542 3596 fecerunt.
594 3531 660 3597 Vir
677 3531 745 3596 Dei
759 3532 986 3615 Amphibalus
1002 3533 1092 3596 inter
1108 3530 1196 3595 tales
1217 3540 1252 3595 et
1270 3539 1324 3598 tot

377 3630 557 3712 angustias
584 3633 806 3709 constitutae,
838 3651 916 3695 cum
946 3630 1042 3693 nulla
1071 3629 1170 3693 daret
1195 3628 1324 3695 doloris

376 3727 514 3806 indicia,
534 3730 664 3793 inimici
686 3731 797 3794 crucis
818 3731 967 3793 acriores
987 3728 1099 3792 effecti
1119 3749 1198 3793 eum
1222 3733 1322 3811 quasi

377 3826 421 3890 ad
452 3828 589 3909 signum
625 3835 796 3905 statuunt,
833 3828 1050 3911 cultellisque
1080 3836 1116 3892 et
1143 3829 1322 3909 lanceolis,

376 3924 468 4006 quod
495 3926 663 4010 reliquum
689 3934 764 3992 erat
788 3929 943 4010 corporis
965 3927 1167 3993 confodiunt
1185 3936 1220 3991 et
1240 3948 1322 3992 con-

375 4023 543 4105 fringunt.
595 4026 693 4090 Tunc
711 4027 861 4110 plurimi,
877 4028 969 4092 beati
983 4028 1145 4110 martyris
1159 4036 1323 4092 constan-

377 4123 460 4187 tiam
479 4125 653 4190 intuentes
678 4134 714 4191 et
734 4127 847 4211 magis
871 4127 1092 4204 admirantes,
1113 4125 1322 4192 Christianae
