2888 4852
343 375 409 444 376
604 390 738 446 uocant
762 397 810 444 ua
833 387 1040 444 wannova'n'

291 619 295 625 .
346 556 517 620 hostiliter
543 547 732 634 civitatem,
763 555 889 639 praedis
912 555 1142 638 undequaque
1170 553 1296 618 collec-

346 656 404 733 tis,
428 675 503 719 eam
532 657 704 739 disposuit
735 657 913 720 obsidione
937 655 1091 735 vallare;
1125 652 1185 718 sed
1214 673 1293 716 cnm

347 755 485 819 tandem
511 757 616 820 situm
638 756 705 820 loci
733 764 768 820 et
793 757 923 819 moenia
947 755 1099 819 civitatis
1116 753 1216 836 quasi
1242 753 1296 816 in-

346 855 595 938 expugnabilia
604 855 790 939 judicaret,
808 855 1075 919 Baiocacensem
1089 853 1229 919 divertit
1248 852 1293 915 ad

346 957 478 1032 urbem,
502 975 606 1036 quam
630 956 723 1018 omni
747 955 926 1018 defensore
949 972 1095 1018 vacuam
1118 952 1294 1034 reperiens

345 1056 465 1118 urbem
487 1055 590 1137 cepit,
616 1062 651 1118 et
672 1054 783 1138 spolia
809 1054 881 1118 suis
903 1053 1194 1118 commilitonibus
1223 1051 1295 1114 dis·

347 1154 480 1230 tribuit,
505 1153 581 1236 ejus
614 1153 866 1218 habitatoribus
897 1152 1099 1217 intersectis.
1153 1151 1197 1214 In
1228 1151 1294 1214 hac

347 1255 431 1316 urbe
446 1253 619 1335 quandam
639 1253 790 1336 puellam
812 1273 937 1334 genere
951 1251 1212 1328 nobilissimam,
1232 1270 1295 1314 no·

347 1353 438 1416 mine
457 1352 603 1435 Pupam,
622 1352 728 1417 filiam
757 1351 888 1417 scilicet
908 1351 1111 1435 Berengarii
1129 1351 1227 1415 ducis
1253 1350 1296 1413 il-

347 1452 466 1516 lustris
492 1439 558 1517 viri
588 1453 739 1536 rapiens,
773 1472 842 1516 non
871 1453 980 1516 multo
1008 1458 1089 1534 post
1119 1470 1195 1514 eam
1227 1450 1294 1514 sibi

331 1540 566 1616 'matrimonio
589 1552 778 1635 copulavit,
798 1572 842 1616 ex
865 1552 926 1615 illa
942 1570 1080 1635 quoque
1101 1550 1208 1613 filium
1231 1570 1294 1613 no·

279 1708 281 1713 ,
332 1644 680 1715 mine¹Willelmum
704 1652 824 1733 genuit
846 1659 881 1715 et
903 1652 1009 1714 filiam
1023 1634 1295 1732 ²Gerloc,‘puel-

347 1751 416 1815 lam
434 1751 535 1815 valde
557 1750 737 1830 decoram3
764 1751 887 1815 deinde
904 1751 1078 1815 Lutetiam
1096 1751 1296 1813 Ebroicam-

348 1871 416 1934 que
443 1852 546 1915 urbes
573 1869 779 1933 expugnans
811 1852 904 1914 cives
938 1850 1083 1933 peremit
1117 1857 1152 1913 et
1182 1850 1296 1912 maxi·

347 1969 439 2013 mam
462 1951 541 2014 inde
564 1950 716 2033 praedam
745 1951 947 2032 reportavit,
973 1951 1091 2031 sicque
1117 1949 1161 2012 ad
1185 1948 1296 2012 Fran-

348 2070 466 2115 corum
477 2050 732 2114 infestationem
746 2069 983 2133 prorumpens
993 2049 1155 2113 ecclesias
1167 2048 1297 2112 Christi

348 2150 539 2228 succendit,
557 2151 721 2233 populum
743 2149 941 2225 trucidavit,
956 2149 1116 2213 mulieres
1137 2149 1297 2231 captivas

321 2303 324 2310 f
349 2249 510 2313 abduxit.
549 2241 637 2312 ³His
655 2250 802 2331 denique
819 2249 944 2312 Franci
962 2248 1217 2312 calamitatibus
1237 2266 1301 2330 op-

349 2348 472 2431 pressi,
488 2350 686 2429 questuosis
700 2349 907 2413 clamoribus
924 2347 1088 2411 Carolum
1105 2366 1220 2429 regem
1237 2348 1299 2410 ad·

350 2447 665 2512 suntunanimiter
687 2456 948 2530 conquerentes
965 2447 1131 2531 populum
1153 2445 1298 2510 christi·-

351 2567 456 2610 anum
471 2548 515 2611 ob
530 2548 605 2631 ejus
629 2548 787 2611 inertiam
813 2566 1028 2630 paganorum
1044 2546 1299 2610 incursionibus

351 2647 558 2729 deperiisse;
586 2666 732 2728 quorum
755 2667 817 2710 rex
836 2646 1058 2729 querimoniis
1080 2646 1300 2710 vehementer

350 2754 539 2829 permotus
568 2747 795 2822 Franconem,
821 2746 1138 2827 Rotbomagensem
1166 2745 1299 2810 archie-

350 2846 542 2928 piscopum,
565 2847 659 2910 misit
681 2846 723 2909 ad
746 2834 932 2911 ‘Rollonem
955 2846 1135 2923 mandans,
1157 2845 1248 2928 quod
1272 2846 1302 2908 si

351 2944 569 3010 Christianus
583 2944 785 3024 efficeretur,
793 2955 920 3011 terram
934 2946 1141 3009 maritimam
1153 2947 1197 3009 ab
1209 2945 1300 3027 Epte

352 3044 493 3108 flumine
518 3065 627 3128 usque
653 3046 697 3108 ad
722 3046 912 3109 Britannias
939 3045 1078 3122 limites
1102 3065 1179 3109 cum
1203 3044 1300 3108 Gilla

351 3143 424 3207 lilia
449 3164 526 3222 sua,
552 3165 589 3208 se
613 3144 665 3208 illi
686 3144 759 3209 sore
785 3147 956 3209 daturum.
1008 3142 1300 3227 Arcbiepiscopus

351 3264 502 3326 quoque,
522 3244 695 3326 legatione
717 3254 889 3328 suscepta,
905 3264 1043 3328 pagano
1060 3245 1139 3309 duci
1160 3264 1222 3327 pcr
1244 3264 1301 3308 or·

352 3341 466 3407 dinem
489 3344 611 3426 pandit
630 3352 768 3421 cuncta,
791 3345 891 3428 cujus
907 3346 1013 3408 verba
1028 3344 1134 3408 Rollo
1155 3344 1300 3408 consilio

353 3461 493 3509 suorum
512 3450 690 3523 gratanter
707 3445 895 3527 excipiens,
912 3444 967 3507 die
986 3451 1120 3507 statuto
1140 3443 1183 3507 ad
1200 3463 1302 3507 sanc-

353 3547 426 3603 tum
445 3540 585 3605 Clerum
607 3544 828 3619 conveniunt,
850 3563 912 3607 rex
934 3543 1065 3607 scilicet
1087 3543 1300 3607 Francorum

352 3632 448 3702 cum⁴
465 3641 551 3704 duce
570 3640 737 3718 Roberto,
756 3648 852 3706 trans
876 3642 1001 3725 Eptem
1018 3642 1174 3720 fluvium,
1196 3642 1302 3707 Rollo

387 3831 396 3864 ¹
413 3835 582 3899 Wilblmnm]
600 3834 734 3883 sumamed
751 3836 815 3884 Iun·
843 3837 991 3897 complaints
1009 3852 1052 3885 are
1062 3837 1189 3898 supposed
1201 3843 1227 3887 to
1238 3837 1304 3888 have

352 3905 486 3968 gaspatba,
497 3905 554 3954 vvho
570 3905 713 3954 sncceoded
727 3905 767 3953 his
778 3906 816 3954 sa·
840 3908 903 3955 been
919 3907 993 3955 made
1009 3911 1035 3955 to
1047 3906 1154 3957 Charles
1171 3907 1194 3955 le
1207 3908 1302 3969 simple

353 3975 417 4023 ther.
839 3977 865 4025 in
877 3980 934 4025 911.
970 3977 1251 4039 Bouquet‚ix.p.257.

387 4042 398 4074 ²
411 4045 519 4109 Carica]
530 4061 560 4094 or
566 4045 658 4104 Adule,
670 4046 777 4094 married
790 4051 815 4094 to

354 4115 464 4163 William
476 4121 553 4164 count
562 4114 591 4165 of
600 4116 717 4165 Poitiers.
874 4114 884 4145 ⁴
898 4117 960 4163 Cum
976 4118 1034 4164 duce
1052 4111 1179 4184 bobeta]
1199 4118 1301 4178 lioberl,

388 4183 461 4234 ’Hb
482 4186 582 4249 denique
606 4179 733 4252 Franci]
762 4184 815 4232 The
840 4185 939 4234 brother
949 4185 978 4234 of
986 4186 1048 4249 king
1062 4187 1156 4236 Eudes.
