2888 4852
311 428 377 492 372
570 443 703 491 nocam
728 444 775 491 nn
798 442 1005 491 wnunovuu

312 601 472 665 burniam
486 600 585 665 sedes
600 600 807 680 babuerunt,
823 603 975 685 quinque
988 607 1189 664 crearentur
1203 616 1265 661 an·

313 702 455 779 tistites,
478 720 521 764 ue
550 720 637 781 grex
661 701 802 765 Domini
832 702 963 784 absque
988 719 1072 764 cura
1098 698 1267 782 pastorali

312 801 474 884 luporum
488 801 743 864 incursionibus
760 808 972 883 quateretur.
1008 799 1186 864 Canonica
1199 799 1266 879 igi·

314 906 372 964 tur
388 901 555 964 electione
575 899 760 978 celebrata,
776 901 812 964 in
831 902 912 965 sede
926 899 1161 964 wintoniensi
1184 917 1267 961 cou-

314 1001 502 1064 stituerunt
516 1000 753 1063 Frithstanum
769 1008 805 1064 et
819 1001 855 1062 in
870 997 1130 1064 Scireburnensi
1147 997 1267 1061 Ethel-

314 1119 421 1176 mum,
442 1099 479 1162 in
496 1099 666 1163 Welleusi
690 1099 888 1176 Eadulfum,
910 1100 946 1162 iu
971 1098 1142 1163 Cridieusi
1164 1097 1267 1161 Wer-

315 1205 466 1274 stauum,
487 1198 525 1261 in
548 1197 776 1263 Cornubiensi
800 1198 1038 1277 Herstanum3
1065 1198 1165 1261 electi
1184 1204 1268 1261 suut

315 1305 486 1380 praeterea
509 1297 579 1361 duo
598 1299 766 1381 episcopi,
782 1298 943 1362 videlicet
966 1299 1010 1362 ad
1035 1297 1151 1361 sedem
1172 1296 1265 1361 Dor·

314 1396 571 1461 lecastrensem
590 1396 763 1461 Kenulsus
778 1405 813 1462 et
830 1398 1039 1462 australibus
1055 1396 1267 1473 Saxonibus,

315 1517 460 1579 quorum
474 1496 649 1561 antistites
664 1498 779 1572 sedem
795 1498 924 1561 habent
939 1498 1031 1579 apud
1049 1495 1265 1573 cicestriam,

316 1596 495 1660 ordinatus
510 1603 564 1660 est
582 1596 802 1678 Berthegus3
825 1597 860 1661 hi
876 1615 994 1661 omnes
1014 1614 1084 1659 una
1098 1595 1153 1658 die
1173 1595 1265 1678 apud

317 1695 543 1759 Cautuariam
563 1697 607 1759 ab
631 1696 888 1783 archiepiscopo
907 1690 1124 1781 Pleg'muudo
1146 1715 1268 1759 conse·

317 1796 481 1859 cretionis
497 1815 622 1858 munus
638 1796 754 1880 adepti
771 1804 864 1860 sunt.
917 1796 964 1861 Et
976 1815 1045 1859 non
1063 1795 1173 1859 multo
1187 1805 1268 1878 post

317 1894 411 1959 facta
454 1894 694 1977 parochiarum
732 1896 983 1972 distributione,
1028 1901 1269 1959 remanserunt

317 1996 480 2078 episcopo
493 1993 728 2059 Wintouiensi
749 1995 941 2078 provinciae⁴
959 1995 1209 2058 Hamtonensis
1232 2001 1269 2058 et

318 2093 536 2158 Sutberensis
565 2114 642 2158 cum
678 2095 794 2159 insula
825 2094 951 2171 Vecta,
988 2094 1267 2158 Scireburuensis

317 2213 400 2258 vero
429 2194 578 2258 habebat
602 2194 846 2273 Somersetam,
868 2194 1055 2259 Wellensis
1082 2195 1267 2258 Dorsetam

317 2301 353 2357 et
378 2294 591 2375 provinciam
620 2294 877 2370 Berrocensem,
904 2293 1091 2357 Cridiensis
1118 2293 1268 2359 habebat

317 2393 531 2476 provinciam
565 2394 831 2471 Devouiensem,
856 2393 1102 2457 Cornubieusis
1133 2393 1269 2457 Cornu·
1306 2477 1310 2483 ι

315 2493 488 2570 biensem;
514 2499 593 2573 post
616 2512 745 2574 paucos
760 2513 843 2557 vero
863 2512 984 2570 aun0S,
1007 2494 1042 2557 in
1068 2513 1161 2575 pago
1179 2493 1269 2557 Wil-

316 2592 464 2655 tuniensi
497 2592 657 2674 proprius
689 2593 802 2657 factus
834 2601 888 2657 est
918 2594 1113 2675 episcopuS,
1141 2594 1202 2675 qui
1231 2593 1267 2656 iu

318 2690 545 2755 Ramesberia
574 2691 690 2756 sedem
720 2693 851 2756 babuit.
904 2692 960 2755 De
983 2694 1153 2775 episcopis
1180 2713 1268 2775 quo-

316 2810 395 2871 que,
418 2792 478 2872 qui
504 2791 580 2854 istis
603 2793 755 2874 quinque
780 2793 986 2874 praesulibus
1011 2799 1267 2869 successerunt,
1299 2835 1302 2840 -

316 2909 380 2955 suo
409 2891 487 2954 loco
516 2890 673 2970 dicetur;
705 2893 766 2956 sed
797 2891 862 2955 boc
891 2911 960 2955 non
988 2900 1042 2956 est
1071 2893 1268 2968 tacendum,

316 2991 407 3072 quod
440 2990 559 3053 multis
591 2991 715 3054 mirum
747 2993 896 3068 videtur,
922 2992 958 3053 in
989 2991 1113 3054 viculis
1146 3011 1270 3075 supra·

316 3090 418 3153 dictis
450 3097 485 3153 et
514 3097 584 3152 tam
614 3091 753 3172 exiguis
785 3090 883 3154 sedes
919 3091 1134 3172 pontificales
1169 3099 1269 3155 tauto

316 3196 472 3271 tempore
503 3190 720 3270 perdurasse.
760 3189 1014 3253 Cornubienses
1042 3211 1126 3254 saue
1151 3192 1267 3273 ponti·

319 3288 400 3352 fices
424 3282 534 3371 lapud
561 3296 719 3352 sanctum
741 3289 927 3353 Petrocum
946 3289 1052 3373 juxta
1070 3290 1270 3355 Wallenses

316 3388 532 3469 aquilonales
555 3408 659 3471 super
682 3390 809 3454 flumen
831 3390 1054 3454 Heilemuthe
1078 3390 1178 3454 sedes
1204 3390 1266 3453 ha·

316 3487 475 3564 buerunt.

580 3605 629 3667 Do
644 3612 759 3667 cometa
772 3605 1002 3690 eipea’ficatione.

376 3719 479 3785 Auno
499 3724 639 3787 Domini
661 3743 822 3790 nccccvr.
844 3720 996 3792 ²cometu
1018 3728 1180 3810 apparuit
1198 3728 1266 3790 fere

351 3886 452 3954 ἈΜ
477 3897 585 3941 sunctum
614 3896 775 3959 Petraeum]
802 3897 933 3945 nonotice.
956 3894 1264 3954 For‘aquilouules,'ad·

315 3959 368 4009 The
385 3962 457 4022 place
473 3963 532 4012 here
549 3964 667 4012 intended
683 3967 706 4012 ia
721 3981 778 4027 pro·
802 3967 902 4026 nrittiug
917 3967 1037 4013 Padumw
1050 3968 1075 4011 to
1091 3963 1123 4011 be
1138 3964 1179 4011 the
1190 3965 1261 4025 place

314 4030 602 4093 bablyPadstow,from
612 4035 778 4097 Petrocstow,
802 4038 828 4083 in
850 4037 976 4096 question,
999 4032 1153 4082 ‘australes’
1170 4032 1258 4082 should

314 4105 341 4148 at
357 4100 399 4149 the
415 4103 501 4150 mouth
516 4102 545 4150 of
559 4102 601 4151 the
618 4105 685 4152 river
701 4106 777 4154 Alan.
804 4107 835 4154 be
846 4104 1009 4154 substituted.

315 4170 353 4218 of
362 4170 403 4218 the
413 4173 480 4220 river
491 4173 693 4235 Heilemnthe,i1'
698 4175 778 4223 Alan·
834 4172 849 4233 ,²
861 4176 959 4225 Cometa
967 4174 988 4237 ,·]
1000 4170 1088 4234 placed
1101 4171 1134 4230 by
1145 4170 1185 4218 the
1196 4171 1253 4219 Sax.

314 4240 400 4290 mutire
419 4241 441 4289 ia
459 4246 502 4290 not
516 4243 645 4306 intended,
656 4258 696 4291 we
713 4244 777 4294 heve
805 4244 936 4296 Chromin
947 4244 989 4293 the
1000 4240 1135 4305 preceding
1146 4253 1211 4300 year.
