2888 4852
362 406 426 471 100
619 415 753 464 noonru
778 415 824 462 ou
848 412 1056 463 waubovan

202 600 257 642 an.
267 599 312 639 or.
400 578 505 644 Anno
519 578 642 659 gratiae
659 593 790 652 uxcrx,
801 569 980 639 ¹deluncto
994 573 1220 650 Reodwaldo,
1231 591 1314 654 rege

366 678 584 745 orientalium
598 675 805 758 Anglorum,
831 674 1103 758 Eorpenwaldus
1129 673 1227 756 regni
1250 692 1316 754 gu·

366 778 553 844 bemacula
567 776 730 859 suscepit.

590 948 794 1014 Theodoram
808 957 915 1033 repeat
930 948 966 1012 ia
983 946 1101 1012 Gallam

207 1096 263 1139 an.
272 1096 318 1136 mo.
419 1072 524 1138 Anno
537 1072 660 1154 gratiae
673 1089 731 1149 no,
741 1068 878 1136 mortno
892 1091 972 1153 rege
983 1062 1322 1135 Francorum²Chil-

369 1174 523 1251 doberto,
549 1171 810 1236 Theodebertus
837 1178 872 1234 et
899 1170 1136 1235 Theodorious
1158 1169 1220 1233 filii
1242 1169 1321 1253 ejus

372 1275 618 1354 subrogantur.

468 1443 511 1507 Ut
498 1453 608 1528 tpapo
626 1443 791 1528 Gregorius
804 1442 978 1527 Augustino
986 1441 1127 1526 pallium
1140 1442 1234 1506 misit.

213 1592 269 1634 nn.
280 1592 324 1631 ar.
427 1565 531 1632 Anno
558 1567 681 1648 gratiae
703 1582 775 1629 aci.
791 1566 915 1628 beatus
931 1584 1024 1647 papa
1041 1564 1232 1646 Gregorius
1247 1564 1324 1630 Au-

213 1644 352 1742 {lilim
377 1669 517 1749 guatino
530 1666 673 1750 pallium
687 1665 793 1741 misit,
803 1665 848 1728 ad
859 1658 1327 1731 ecclesiamvrdel1cet³Lon

211 1741 364 1793 ‘um‘
377 1768 588 1844 doniensem,
615 1785 693 1848 quae
722 1774 876 1846 tempora
910 1764 1091 1828 Britonum
1125 1766 1326 1848 metropolis

378 1874 465 1945 erat,
479 1867 570 1930 sicut
584 1859 700 1929 ⁴Beda
716 1864 752 1927 in
766 1862 911 1928 historia
927 1860 1122 1946 Anglorum
1137 1871 1297 1930 testatur.

546 2038 666 2101 Seianae
681 2045 788 2100 contra
802 2037 977 2100 &umnam
991 2034 1155 2100 ecolesimo.

218 2189 274 2231 in.
281 2189 329 2278 prr.
431 2160 535 2226 Anno
555 2162 677 2243 gratiae
703 2159 1104 2225 no11.c0ntenti0inter
1130 2160 1326 2226 Romanam

218 2239 319 2339 illd*
381 2260 560 2327 ecclesiam
575 2269 611 2324 et
626 2261 859 2341 arrogantiam
871 2258 894 2323 J
896 2260 1055 2337 ohannrs,
1070 2261 1222 2344 episcopr
1213 2260 1327 2326 Con·

382 2360 695 2443 stantinopolitani,
717 2359 921 2423 universalis
949 2360 1156 2440 patriarchae
1177 2362 1242 2424 sibi
1265 2382 1328 2426 no

381 2480 460 2524 men
476 2461 687 2542 usurpantis,
703 2460 768 2523 sub
788 2478 880 2541 papa
896 2457 1041 2539 Pelagio
1064 2468 1231 2542 concepta
1253 2469 1290 2526 et
1307 2481 1328 2527 a

383 2560 554 2640 Gregorio
568 2558 670 2623 modo
689 2578 758 2622 non
772 2557 896 2621 leviter
910 2558 1056 2639 agitata,
1071 2578 1140 2623 non
1154 2568 1235 2624 anta
1252 2562 1329 2647 qui·

382 2679 497 2724 escere
517 2660 641 2743 potuit,
661 2677 765 2741 quam
787 2657 862 2739 ipsc
881 2656 904 2720 J
908 2656 1062 2722 ohannes
1081 2659 1197 2723 subita
1219 2668 1329 2726 morte

383 2759 554 2824 occubuit.

469 2941 512 3006 Ut
524 2952 647 3008 sanctae
662 2940 855 3027 Aequoreos
869 2938 1036 3003 Britonum
1048 2941 1198 3026 piscopos
1210 2943 1257 3006 ad

685 3040 850 3105 concillum
865 3040 1027 3103 vocaverat.

244 3210 279 3222 ..
327 3210 333 3221 .
435 3161 538 3227 Anno
562 3163 685 3243 gratiae
717 3181 817 3228 actu.
850 3183 912 3227 rex
947 3161 1332 3230 Northanhumbrorum

384 3261 599 3326 Ethelfridus
622 3271 743 3325 contra
769 3263 959 3327 Britannos
981 3263 1073 3345 apud
1102 3262 1333 3348 Kaer-legion

386 3362 566 3455 dimicans,
587 3362 681 3425 viros
708 3360 888 3443 religiosos
910 3358 970 3425 ⁵de
995 3364 1135 3427 abbatia
1161 3364 1334 3447 Bangori-

422 3575 429 3605 ¹
443 3578 564 3639 Defuncto
576 3580 740 3644 aemonae]
753 3580 815 3629 This
826 3581 849 3629 ia
875 3579 1037 3628 monasterii?
1071 3579 1119 3628 See
1130 3579 1261 3646 Dugdale,
1273 3581 1334 3633 Mo.

386 3663 419 3698 an
430 3650 535 3697 obvious
546 3649 653 3698 blunder
664 3651 747 3713 hythe
758 3652 849 3713 scribe,
874 3654 940 3698 nnat.
952 3648 1001 3697 vol.
1014 3650 1033 3698 i.
1043 3663 1070 3710 p.
1082 3653 1139 3697 265.

387 3733 416 3768 aa
438 3718 480 3767 the
501 3733 569 3768 same
591 3721 665 3768 event
687 3721 709 3768 is
728 3721 848 3770 recorded
873 3721 877 3729 '
907 3718 1002 3768 ⁴Bedu
1020 3719 1047 3767 ia
1065 3717 1196 3783 historia]
1220 3720 1282 3773 edit.
1302 3723 1334 3775 E.

386 3789 468 3838 below
480 3789 505 3836 in
517 3788 559 3837 the
570 3803 632 3849 year
641 3793 699 3838 624.
874 3789 910 3839 Η.
923 3791 949 3839 S.
967 3789 1033 3851 §la
1071 3789 1145 3850 Upon
1163 3790 1205 3838 the
1222 3791 1277 3854 pall
1293 3808 1334 3843 re·

422 3853 633 3927 ’cattdeberto.]
661 3859 711 3907 Hir
733 3858 849 3909 deathis
873 3859 961 3909 eeived
977 3859 1175 3922 byAugustine,
1192 3875 1235 3910 see
1250 3861 1336 3927 cute,

384 3927 476 3995 placed
487 3929 519 3989 by
532 3930 607 3978 Aimo
618 3930 644 3976 in
655 3932 713 3978 596.
873 3929 891 3978 i.
904 3944 930 3990 p.
941 3932 999 3978 228.

421 3995 653 4061 'bambanem
670 3999 710 4046 (ln
723 3998 765 4047 the
784 4013 846 4047 mar·
909 3996 918 4025 ⁵
930 3997 969 4047 De
983 3998 1081 4047 abbatia
1094 3998 1280 4065 Baagcrienei]
1299 4002 1339 4051 Si·

388 4068 431 4129 gin
447 4069 470 4116 is
481 4069 580 4116 written
597 4070 630 4130 by
642 4084 658 4117 a
678 4068 745 4117 hand
764 4067 792 4116 of
805 4069 847 4117 the
873 4068 960 4116 tuated
980 4083 1041 4116 near
1051 4068 1092 4117 the
1104 4069 1337 4134 townoiClrester,

389 4137 447 4187 loth
463 4142 578 4200 century,
595 4139 670 4188 ‘Hoc
689 4153 754 4187 anno
770 4139 850 4200 coepit
873 4137 923 4186 and
942 4143 986 4186 not
1004 4142 1030 4187 to
1048 4139 1080 4187 be
1097 4137 1255 4189 consounded
1273 4141 1336 4192 with

387 4222 492 4270 regnare
502 4208 850 4258 Sebertuerenoratorweet-
874 4208 977 4270 Bangor
990 4209 1015 4256 in
1028 4208 1248 4262 Camarrouahire.
1282 4212 1337 4263 The
1373 4271 1375 4275 Α
