2888 4852
358 397 424 461 108
612 413 747 462 nouem
773 415 819 462 un
842 414 1049 464 wannovnn

197 594 313 644 sonna
323 592 346 634 n
359 590 400 637 eo
426 570 574 654 amplius
591 571 720 654 elapsis
737 572 850 650 annis,
866 573 993 637 meruit
1006 572 1152 638 liberari.
1207 575 1307 640 Idem

195 647 228 686 hls
237 647 316 686 letters.

357 679 457 755 pater
488 670 705 753 Gregorius„
719 673 850 754 primus
879 673 1042 752 omnium,
1071 674 1108 737 in
1137 673 1308 757 principio

357 771 580 854 epistolarum
597 790 750 849 suarum,
763 779 846 836 ante
859 773 1020 850 salutern,
1033 775 1182 856 gratiam
1199 782 1235 840 et
1248 776 1309 838 be-

357 871 598 948 nedictionem,
615 889 692 934 sese
709 890 848 936 servum
872 891 1049 936 servorum
1064 872 1132 937 Dei
1155 893 1309 957 pronun·

356 970 464 1048 cians,
479 971 638 1035 omnibus
654 971 910 1035 successoribus
920 972 993 1036 suis
1008 970 1152 1036 formam
1166 973 1307 1038 hnmili-

357 1071 442 1134 tatis
470 1069 633 1135 ostendit.
689 1069 736 1135 Et
759 1079 840 1154 post
864 1070 1092 1135 humilitatem
1116 1072 1306 1138 utilitatem

357 1170 550 1252 subjunxit,
567 1189 645 1233 cum
662 1168 748 1233 dicit
769 1171 929 1247 salutern,
946 1170 1106 1235 videlicet
1123 1174 1247 1237 animae
1270 1182 1307 1238 et

356 1271 523 1351 corporis,
546 1269 694 1350 gratiam
718 1288 740 1332 a
757 1269 834 1333 Deo
859 1278 894 1335 et
917 1270 1124 1348 hominibus,
1144 1271 1305 1337 benedic·

357 1369 498 1446 tionem,
531 1387 609 1450 quae
635 1375 688 1432 est
719 1368 754 1431 in
783 1369 911 1433 semine
938 1366 1102 1447 Abrahae,
1127 1370 1217 1453 qnod
1250 1379 1306 1436 est

356 1465 528 1545 Christus,
563 1469 599 1531 in
637 1487 707 1550 quo
745 1468 991 1533 benedicentur
1026 1488 1143 1533 omnes
1182 1479 1305 1554 gentes

355 1573 469 1633 terrae.

361 1822 364 1828 Ι
584 1743 634 1806 De
648 1740 723 1807 cibes
738 1742 773 1807 s'a
790 1741 909 1828 hepidan
922 1743 1081 1808 consertis.

405 1865 509 1931 Anno
519 1867 642 1949 gratiae
652 1859 983 1931 novr.¹Sabinianus
992 1868 1126 1931 seditin
1137 1867 1303 1932 cathedra

355 1965 517 2031 Romana
542 1986 632 2031 anno
657 1986 738 2045 uno,
762 1968 938 2031 mensibus
952 1968 1104 2051 quinque
1125 1977 1161 2032 et
1180 1967 1303 2031 diebus

354 2086 490 2132 novem.
543 2066 673 2130 Eodem
691 2075 846 2148 tempore
863 2086 996 2151 pauper
1008 2066 1161 2150 quidam,
1179 2087 1257 2131 cum
1279 2085 1303 2132 a

353 2167 470 2230 nautis
484 2166 735 2249 eleemosynam
747 2173 880 2247 peteret
893 2186 956 2230 nec
970 2167 1153 2248 acciperet,
1164 2167 1301 2231 dicente

353 2266 527 2343 nauclero,
543 2263 641 2330 ‘Nos
656 2265 741 2328 nihil
757 2265 811 2329 hic
826 2273 953 2348 praeter
965 2265 1099 2348 lapides
1110 2266 1302 2343 habemns,'

352 2365 500 2448 subjecit
529 2384 673 2447 pauper,
697 2364 846 2428 ‘Omnia
876 2385 959 2447 ergo
982 2372 1163 2429 vertantur
1187 2367 1224 2429 in
1247 2365 1299 2429 la·

246 2477 248 2480 ⁴
353 2465 474 2547 pides.’
513 2462 593 2542 Quo
611 2465 717 2541 dicto,
735 2465 897 2547 quicquid
912 2465 1150 2529 manducabile
1164 2466 1201 2528 in
1218 2465 1300 2528 navi

352 2571 427 2627 erat
455 2565 492 2627 in
519 2564 651 2646 lapides
675 2583 878 2627 conversum
899 2573 965 2642 est,
993 2565 1107 2629 colore
1131 2572 1167 2630 et
1188 2563 1301 2629 forma

352 2682 464 2727 rerum
482 2662 666 2727 earundem
682 2669 917 2746 permanente.

501 2835 663 2923 Oeolwlfas
677 2859 731 2902 rec
745 2837 978 2902 occidentalium
993 2838 1160 2902 Scaeam

403 2956 507 3025 Anno
532 2962 656 3042 gratiae
678 2978 791 3039 ncvrr,
805 2955 980 3026 ²Ceolrioo
999 2982 1080 3044 rege
1105 2963 1302 3029 occidenta-

352 3059 436 3124 lium
447 3060 625 3126 Saxonum
638 3061 811 3139 defuncto,
819 3061 1005 3126 Ceolwlsus
1016 3063 1175 3144 regnavit
1184 3084 1248 3146 pro
1257 3084 1300 3128 eo

351 3160 478 3242 viginti
504 3168 653 3244 quatuor
676 3161 789 3225 annis.
850 3160 921 3224 Per
943 3161 1034 3224 idem
1062 3169 1197 3246 tempus
1219 3183 1298 3227 cnm

350 3277 443 3341 papa
483 3259 689 3324 Sabinianus
729 3260 970 3324 liberalitatem
1005 3262 1099 3326 beati
1135 3261 1299 3345 Gregorii

350 3357 613 3440 praedecessoris
635 3361 688 3422 sni
714 3359 908 3441 derogaret,
926 3367 961 3423 et
978 3361 1042 3424 sub
1063 3361 1129 3425 hoc
1153 3362 1298 3426 obtentu

352 3476 490 3521 manum
517 3459 635 3539 egenis
660 3459 890 3536 subtraheret,
906 3458 1097 3539 Gregorius
1124 3480 1214 3538 eum,
1236 3482 1299 3544 per

386 3640 393 3670 ¹
417 3643 589 3709 Sabinianus]
616 3644 658 3694 lle
679 3643 730 3694 had
750 3645 814 3693 been
837 3643 897 3693 dent
904 3643 967 3693 from
978 3644 1019 3693 the
1030 3650 1137 3694 account
1144 3643 1173 3693 os
1178 3644 1300 3695 Ceolric’s

352 3712 491 3775 Gregory’s
513 3715 605 3765 nuncio
626 3719 653 3763 at
672 3715 814 3762 Constanti·
837 3714 965 3762 accession
991 3719 1018 3762 at
1046 3717 1103 3774 593,
1124 3713 1210 3763 where
1232 3716 1254 3764 it
1275 3716 1298 3764 is

351 3784 435 3844 nople.
471 3783 513 3832 He
535 3783 595 3832 died
617 3788 650 3833 Ὦ
672 3784 733 3833 Feb.
755 3788 813 3833 606.
837 3784 919 3832 stated
934 3783 988 3832 that
998 3783 1030 3832 he
1040 3784 1144 3845 reigned
1154 3784 1202 3833 five
1214 3799 1297 3846 years.

351 3851 405 3902 The
416 3854 519 3902 miracle
530 3855 585 3903 that
594 3853 693 3904 follows
703 3854 727 3904 is
737 3853 813 3902 taken
838 3853 891 3902 But
908 3852 959 3903 this
975 3855 998 3901 is
1014 3859 1058 3902 not
1075 3854 1117 3903 the
1134 3853 1194 3916 only
1211 3869 1297 3915 err-ou

351 3921 414 3971 from
426 3923 549 3987 Sigebert.
837 3922 876 3971 for
893 3923 992 3972 instead
1011 3923 1040 3971 os
1054 3924 1159 3986 ‘viginti
1173 3919 1297 3984 quatuor'

837 3992 927 4041 should
946 3995 976 4042 be
992 3992 1054 4041 read
1075 3989 1299 4056 ‘quatuordeeim'

386 4057 517 4111 'Gadeira
535 4061 614 4125 rega]
630 4062 702 4125 This,
720 4063 753 4123 by
771 4062 813 4110 the
836 4076 866 4111 as
882 4062 973 4123 below,
984 4063 1065 4111 under
1082 4062 1124 4111 the
1135 4077 1195 4123 year
1206 4065 1299 4124 alais

351 4146 419 4181 error
436 4132 466 4180 ol
485 4132 528 4180 the
550 4133 640 4195 rodhe,
660 4134 682 4181 is
704 4133 812 4180 inserted
836 4132 956 4182 recorded
970 4133 1012 4181 the
1030 4132 1106 4181 death
1124 4132 1153 4182 os
1169 4132 1298 4199 ceoluulf,

352 4201 410 4251 here
422 4201 519 4251 instead
531 4202 560 4251 ol
574 4205 600 4251 at
611 4206 669 4264 598,
680 4218 709 4252 as
720 4203 743 4250 is
759 4202 812 4251 evi-
836 4202 885 4251 and
897 4202 940 4251 the
950 4203 1094 4251 succession
1105 4201 1134 4251 os
1141 4201 1273 4265 Gynegils.
