2888 4852
416 410 556 461 enonns
580 411 850 464 ursronrsnuu.
1063 404 1106 468 51

149 570 190 626 ut
211 566 374 647 superius
396 568 544 633 relatum
566 577 632 648 est,
648 571 872 655 diffugerots
861 594 898 638 ιιι
921 594 1024 639 manu
1038 596 1102 641 va·

147 660 220 726 lide
247 673 285 756 et
312 675 460 746 armate,
489 669 525 732 in
556 670 747 754 aquilonali
778 682 879 756 parte
908 674 1101 741 Britanniae

145 745 329 846 applicuit,
355 774 395 831 ut
420 788 497 832 sese
520 788 560 834 eo
586 778 720 852 patrem
740 792 842 837 sunm
864 775 900 838 in
914 773 1098 840 Aurelium

145 882 265 946 regem
283 866 468 932 Britonum
481 869 685 936 vindicaret.
737 872 896 957 Cumque
911 875 985 957 regi
1007 896 1097 940 nun·

145 963 272 1028 tiatum
289 965 424 1046 fuisset,
440 967 583 1052 collegit
601 971 793 1036 exereitum
811 981 847 1038 et
861 974 998 1039 obviem
1020 995 1098 1058 per-

145 1065 260 1145 rexit3
292 1067 353 1149 qui
378 1067 470 1134 ultro
494 1069 538 1133 ed
560 1070 718 1153 proelium
745 1072 922 1138 venientes
944 1094 1096 1156 pugnam

142 1166 402 1245 commiserunt,
418 1170 479 1234 sed
507 1169 715 1236 Poscentius
739 1174 879 1238 tandem
895 1175 1009 1239 victus
1031 1183 1096 1255 est,

143 1272 181 1328 et
193 1263 231 1328 in
244 1263 363 1349 fugam
377 1268 573 1354 propulsus.

320 1445 368 1510 Do
382 1455 476 1511 morto
490 1445 618 1512 Aurelii
632 1449 712 1534 repis
725 1449 916 1514 Britoooiae.

191 1567 300 1634 Anno
321 1571 446 1650 gratis
471 1588 677 1636 occcxovu
694 1571 901 1637 Pascentius
922 1593 1092 1639 memore·
1106 1591 1160 1631 su
1171 1593 1216 1635 or.

139 1673 210 1746 tus,
234 1668 278 1733 ad
304 1669 577 1736 Gillomennium
600 1690 716 1754 regem
740 1671 920 1736 Hiberniae
949 1691 987 1737 se
1009 1693 1091 1738 oon·
1103 1643 1223 1783 ἔξω

139 1765 267 1846 serens,
295 1771 489 1854 postulavit
516 1770 698 1849 auxilium,
722 1779 764 1836 ut
789 1792 827 1837 se
850 1773 887 1836 in
909 1769 1091 1839 Aurelium

139 1867 355 1951 vindicaret3
394 1870 650 1936 Gillomennius
686 1891 778 1951 vero,
813 1872 896 1956 quio
926 1871 1091 1939 Aurelius

139 1965 312 2034 choream
333 1971 515 2054 gigantum
530 1973 575 2036 ab
593 1970 763 2036 Hibernia
779 1972 948 2037 violenter
963 1973 1090 2056 adpor-

139 2074 291 2148 taverat,
312 2072 481 2136 auxilium
503 2072 670 2156 promisit„
723 2071 864 2137 Paratis
886 2072 1005 2155 itaque
1028 2093 1091 2138 na-

140 2169 243 2233 vibus
259 2171 491 2237 escenderunt
513 2191 587 2250 ees,
603 2181 641 2237 et
652 2171 740 2237 velis
761 2172 936 2255 prosperis
952 2173 987 2236 in
1005 2175 1089 2239 urbe

139 2266 306 2335 Menevie
327 2272 559 2355 appulerunt;
587 2291 656 2355 quo
678 2271 874 2355 divulgato,
887 2271 999 2337 Utber
1018 2271 1089 2337 fre·

137 2374 192 2432 ter
205 2365 353 2451 Aurelii,
369 2373 453 2456 quie
471 2381 508 2436 et
528 2373 603 2455 ipse
618 2372 773 2436 infirmus
790 2372 944 2455 jacebat,
966 2381 1090 2438 eontra

137 2466 412 2536 Gillomannium
434 2480 471 2536 et
493 2471 716 2537 Pascentinm
740 2473 777 2535 in
793 2470 990 2536 cambriam
1012 2493 1089 2555 per-

136 2569 238 2634 rexit
291 2569 359 2636 Sed
383 2571 590 2637 Pesoentius
620 2579 808 2655 antequam
830 2591 985 2655 pugnem
1009 2592 1088 2637 curn

140 2668 254 2734 Utber
268 2669 376 2737 fratre
391 2673 485 2755 regis
499 2673 613 2751 iniret,
628 2692 707 2736 cum
725 2670 905 2736 Aurelium
919 2672 1087 2737 infirmari

135 2771 370 2852 cognovisset,
379 2772 710 2856 corrupitquendem
720 2771 942 2849 Saxonicum,
953 2772 1086 2855 Eopum

135 2871 287 2948 nomine,
301 2871 452 2937 donariis
461 2872 592 2950 multis,
604 2879 645 2937 ut
655 2866 848 2937 ¹Aurelium
858 2892 974 2954 regem
983 2891 1087 2936 vene·

136 2988 182 3034 no
199 2970 343 3052 perdere
357 2980 571 3056 procuraret.
608 2971 661 3037 At
674 2971 830 3055 proditor
844 2970 915 3049 ille,
928 2971 1084 3036 habitum

135 3070 297 3136 monachi
317 3072 519 3157 suscipiens,
534 3091 656 3138 versus
671 3071 887 3137 wintonium
909 3072 976 3136 iter
997 3071 1084 3135 arri·

134 3170 233 3252 puit;
257 3180 431 3256 postremo
456 3174 576 3237 urbem
595 3173 772 3255 ingressus
790 3178 826 3236 et
851 3191 889 3236 se
915 3172 1084 3235 medicum

134 3271 271 3353 fingens
294 3275 399 3357 regiis
413 3273 581 3338 ministris
596 3273 799 3356 obsequium
822 3290 923 3335 suum
947 3272 1085 3350 obtulit,

133 3372 195 3454 qui
225 3373 311 3437 nihil
342 3374 590 3457 potiusquam
623 3372 793 3437 medicum
828 3373 1083 3454 expectabant3

133 3473 194 3556 qui
215 3473 355 3538 tandem
370 3473 415 3537 ed
432 3473 524 3556 rogis
538 3473 760 3555 proesentiam
775 3471 962 3555 perductus
979 3492 1084 3536 vene-

133 3592 216 3636 num
248 3574 281 3638 ei
313 3574 482 3657 porrexit,
504 3592 573 3656 quo
597 3572 735 3649 hausto,
762 3571 929 3654 proecepit
949 3572 1001 3635 illi
1023 3591 1084 3635 ne-

132 3671 258 3738 fandus
272 3673 428 3757 proditor
446 3680 486 3738 ut
499 3672 675 3751 dormiret,
695 3679 896 3755 recepturus
914 3671 1006 3736 illico
1028 3691 1084 3736 sa-

131 3773 301 3853 nitatem3
325 3792 387 3837 nec
409 3792 518 3851 mora,
534 3772 698 3837 illabente
720 3791 783 3854 per
804 3792 908 3854 poros
929 3772 1197 3855 corporisneouoe

131 3882 168 3938 et
198 3892 306 3940 venes
337 3892 483 3950 veneno,
516 3892 608 3937 mors
638 3873 769 3956 pariter
801 3872 988 3937 subsecuta
1017 3882 1082 3937 est
1094 3842 1136 3881 “m
1137 3840 1226 3881 m

166 4083 314 4135 'Aurelium
320 4078 426 4152 regem]
439 4084 470 4132 ln
479 4083 521 4132 tbe
529 4082 596 4133 Ger·
620 4081 697 4131 fallen
713 4083 739 4131 in
753 4081 831 4131 battle
843 4082 869 4130 in
880 4081 922 4131 the
933 4083 993 4130 time
1004 4079 1034 4129 os
1041 4080 1083 4128 tbe

130 4156 336 4207 maanrouicle
354 4153 597 4215 compiledbyltlu-
621 4167 735 4215 emperor
754 4153 832 4202 Zeno.
870 4152 919 4200 Ed.
938 4152 1032 4199 Pistor.
1057 4164 1083 4210 p.

129 4229 194 4290 tius,
205 4226 356 4277 Ambrosius
375 4224 472 4275 isseid
488 4229 514 4273 to
532 4222 597 4274 bave
622 4226 662 4273 14.

935 4309 978 4354 nl
