2888 4852
333 395 399 460 306
589 409 724 458 nocam
749 410 795 456 na
819 409 1027 457 wunoovun

336 569 407 649 Qui
433 569 558 633 iterum
583 576 664 651 post
687 566 853 644 triduum,
886 565 976 630 same
1006 565 1103 629 illum
1136 561 1288 644 compel-

335 669 440 746 lente,
467 668 510 732 ad
539 687 693 732 mensam
719 668 811 748 regis
837 667 1014 748 ingressus
1039 665 1152 728 denuo
1178 662 1288 725 refici·

337 769 458 845 enduS,
485 788 548 832 rex
577 767 797 832 vehementer
822 766 997 830 admirans
1018 765 1127 848 jussit
1150 762 1286 843 insequi

338 868 490 950 vestigia
509 868 605 931 canis
631 866 661 930 si
683 865 857 930 recederet
880 867 923 932 ab
944 864 1037 941 aula,
1053 871 1088 927 et
1105 862 1290 943 diligenter

338 987 409 1050 quo
425 974 584 1049 pergeret
600 965 792 1048 explorare.
847 965 993 1028 Factum
1017 972 1071 1028 est
1086 983 1108 1027 a
1123 961 1289 1025 ministris
1386 1002 1390 1009 -

339 1075 379 1131 ut
403 1065 453 1130 eis
480 1086 501 1129 a
523 1085 604 1146 rege
626 1064 739 1129 fuerat
760 1065 978 1147 imperatum,
994 1071 1030 1128 et
1051 1082 1171 1127 canem
1195 1080 1289 1125 rece·

339 1165 476 1229 dentem
499 1166 748 1246 subsequentes
780 1163 823 1226 ad
851 1163 1037 1228 Lothbroei
1069 1181 1195 1245 corpus
1226 1181 1289 1225 ex·

340 1265 454 1329 anime
481 1271 562 1328 sunt
585 1264 753 1347 perducti.
805 1263 894 1327 Cum
918 1283 1001 1345 ergo
1031 1263 1106 1326 haec
1135 1261 1208 1342 regi
1231 1260 1290 1323 de-

339 1363 472 1428 clarata
500 1363 657 1441 fuissent,
686 1364 909 1446 perturbatus
936 1371 989 1427 est
1012 1361 1231 1427 vehementer
1252 1369 1288 1424 et

335 1463 455 1548 jussit,
470 1472 509 1528 ut
523 1483 650 1546 corpus
665 1463 851 1546 sepulturae
867 1462 1046 1527 honestius
1061 1461 1266 1525 traderetur.

434 1636 488 1717 Ut,
502 1635 688 1723 depopebrla
702 1635 896 1721 Est-anulio,
913 1645 1029 1722 atropos
1049 1633 1205 1698 lominum

729 1736 770 1800 sil
782 1744 894 1800 secula.

288 1888 316 1919 on
390 1857 490 1923 Tunc
503 1878 566 1923 rex
581 1855 816 1936 Eadmundus,
833 1858 990 1940 diligenti
1004 1856 1047 1921 de
1063 1864 1172 1922 morte
1183 1856 1290 1922 Loth-

177 1939 216 2068 σε
244 1989 304 2069 :m
341 1959 435 2022 broci
463 1959 556 2022 sacta
578 1958 811 2040 inquisitione,
841 1959 994 2022 Beruum
1023 1964 1223 2021 venatorem
1244 1958 1288 2020 de

343 2078 446 2141 opere
470 2057 619 2122 nefando
641 2057 803 2135 convicit,
820 2065 856 2122 et
874 2057 983 2141 jussit
1006 2076 1027 2119 a
1053 2057 1218 2120 militibus
1245 2058 1287 2120 de

343 2159 440 2221 curia
456 2177 521 2221 sua
546 2156 736 2241 adjudicari
754 2176 795 2220 ac
810 2158 897 2239 legis
920 2156 1052 2240 peritis,
1067 2156 1149 2239 quid
1166 2156 1209 2220 de
1226 2156 1289 2220 ho·

342 2257 469 2320 micida
490 2256 579 2321 soret
596 2255 790 2338 agendum3
813 2276 855 2320 ac
872 2275 990 2320 omnes
1015 2255 1050 2317 in
1073 2255 1138 2319 hoc
1160 2256 1290 2338 pariter

343 2362 601 2433 consenserunt,
615 2364 656 2420 ut
669 2363 815 2420 venator
834 2357 872 2419 in
892 2355 953 2418 illa
966 2354 1139 2432 navicula,
1161 2356 1197 2418 iu
1219 2374 1290 2437 qua

342 2474 436 2537 saepe
460 2453 574 2519 dictus
607 2454 823 2518 Lothbrocus
856 2455 892 2518 in
916 2453 1081 2537 Angliam
1110 2455 1290 2538 applicuit,

342 2561 539 2637 poneretur,
568 2554 664 2617 etin
692 2555 804 2618 medio
834 2555 939 2619 maris
967 2555 1062 2617 solus
1088 2554 1162 2618 sine
1196 2556 1290 2618 omni

343 2653 573 2717 instrumento
604 2653 722 2716 navali
746 2653 907 2718 dimissus
937 2655 1112 2736 probetur,
1137 2652 1167 2716 si
1191 2655 1288 2717 illum

343 2753 440 2817 Deus
459 2753 544 2818 velit
568 2771 590 2816 a
611 2753 763 2833 periculo
782 2754 939 2817 liberare.
992 2753 1117 2837 Itaque
1133 2761 1291 2830 venator,

338 2851 445 2935 juxta
462 2852 554 2935 quod
570 2854 814 2917 sententiatum
829 2851 954 2930 suerat,
968 2853 1004 2916 in
1021 2853 1290 2935 profunditatem

343 2953 448 3016 maris
468 2953 641 3028 dimissuS,
663 2958 744 3034 post
764 2951 837 3015 dies
859 2970 990 3035 paucos
1012 2952 1048 3015 in
1064 2953 1215 3016 Daniam
1237 2962 1291 3017 est

342 3052 531 3136 projectus,
564 3051 624 3132 qui
656 3070 734 3114 cum
762 3071 783 3114 a
815 3060 976 3133 portuum
1006 3050 1207 3115 custodibus
1238 3053 1292 3115 in-

343 3160 467 3216 ventus
504 3151 638 3226 fuisset,
676 3158 913 3232 cognoverunt
951 3150 1146 3215 naviculam
1184 3151 1290 3229 Dani,

343 3250 435 3332 quod
464 3249 587 3313 inille
615 3248 773 3313 dominus
803 3250 940 3313 illorum
967 3250 1183 3314 Lothbrocus
1206 3270 1288 3314 con·

342 3356 505 3413 sueverat
527 3347 705 3431 aucupari,
722 3357 757 3413 et
772 3349 1008 3430 perduxerunt
1023 3369 1100 3413 eum
1126 3350 1170 3413 ad
1198 3349 1289 3414 Hin-

342 3467 432 3529 guar
463 3454 499 3511 et
524 3447 703 3524 Hubbam,
727 3437 934 3512 filios'Dani
961 3449 997 3512 in
1023 3446 1154 3531 Anglia
1181 3448 1289 3513 inter·

342 3546 435 3623 secti,
460 3547 555 3610 viros
590 3553 749 3628 potentes
782 3556 817 3612 et
842 3548 1009 3626 crudeles,
1033 3549 1093 3630 qui
1125 3549 1289 3614 continuo

342 3645 504 3709 adhibitis
522 3647 709 3709 tortoribus
735 3656 927 3728 exegerunt
953 3666 975 3710 a
995 3649 1121 3726 Berno,
1147 3648 1229 3730 quid
1246 3650 1288 3713 de

340 3752 440 3827 patre
458 3764 532 3821 suo,
549 3745 608 3826 qui
630 3745 666 3807 in
692 3745 752 3810 illa
775 3746 936 3811 navicula
953 3749 999 3810 ab
1015 3747 1064 3811 eis
1079 3747 1193 3812 suerat
1206 3750 1287 3812 sub·

340 3851 485 3921 tractus,
502 3850 618 3906 actum
633 3843 767 3908 fuisset.
820 3847 956 3911 Bernus
974 3866 1112 3928 quoque
1136 3848 1290 3929 graviter

340 3949 376 4008 et
397 3942 458 4008 diu
481 3943 625 4007 diversis
649 3942 796 4007 afflictus
820 3947 1011 4024 tormentis,
1038 3947 1173 4028 fingens
1194 3967 1290 4011 men·

339 4042 488 4119 dacium,
510 4043 610 4119 dixit,
628 4044 720 4124 quod
744 4050 843 4125 pater
865 4065 995 4121 eorum,
1018 4066 1095 4109 cum
1118 4067 1203 4110 casu
1229 4068 1288 4130 ap-

338 4143 517 4226 plicuisset
534 4142 570 4206 in
587 4139 764 4224 Angliam,
782 4164 802 4207 a
819 4164 899 4225 rege
917 4146 1180 4228 Est-anglorum
1197 4147 1290 4210 Ead-
