2888 4852
161 1377 245 1419 wutrtd

159 1429 221 1470 ruite
234 1429 310 1470 Mine.

322 389 387 457 186
582 404 716 454 nocsru
741 404 788 452 ns
811 403 1017 453 wnunovna
1103 370 1107 378 ’

323 566 401 642 bus,
432 565 492 647 qui
525 565 691 647 religione
729 564 832 629 simul
867 572 903 629 et
933 563 1106 629 industria
1136 572 1277 646 gentem

322 683 421 729 suam
439 666 483 730 ab
498 673 667 731 extranea
678 665 859 730 invasione
874 665 1060 750 ejecerunt.
1097 663 1164 729 Isti
1179 673 1277 747 post·

322 766 462 830 modum
479 766 516 829 in
533 766 617 830 villa
633 765 907 830 Dovernensium
924 765 960 829 in
975 765 1140 830 honorem
1162 766 1277 830 sancti

324 864 471 930 Martini
496 866 754 930 fabricaverrmt
776 865 969 942 eeclesiam,
989 867 1026 929 in
1042 865 1120 929 loco
1142 864 1193 929 eis
1215 864 1277 930 ad·

323 963 461 1047 signato
485 985 507 1029 a
524 966 655 1030 Sancto
677 966 835 1048 praefato,
859 964 989 1049 inqua
1011 963 1200 1033 monachos
1223 985 1278 1029 re·

322 1065 491 1146 guleriter
512 1065 669 1130 viventes
696 1066 923 1148 imponentes,
946 1064 1064 1130 multis
1090 1083 1150 1129 eos
1171 1066 1276 1128 rebus

322 1164 425 1228 simul
451 1184 492 1229 ac
520 1166 621 1230 terris
647 1164 773 1253 divites
795 1165 1006 1244 effecerunt3
1039 1171 1276 1248 regnaverunt

322 1273 437 1329 autem
455 1264 599 1346 triginta
614 1272 763 1347 quatuor
778 1273 814 1330 et
831 1263 935 1331 semis
950 1283 1073 1330 annos.

374 1358 814 1429 Eodem¹annoWilf1idus
823 1364 1149 1446 Eboracensiserga
1157 1382 1274 1446 regem

322 1462 519 1528 Alhfridum
538 1473 735 1542 accusatus,
750 1465 795 1528 ab
815 1465 935 1530 eodem
954 1484 1036 1546 rege
1052 1471 1088 1528 et
1102 1463 1275 1547 episeopis

322 1563 479 1647 plurimis
488 1564 532 1628 ab
543 1564 748 1647 episcopatu
758 1563 879 1647 pulsus
888 1570 962 1643 est;
978 1561 1190 1647 veniensque
1202 1561 1277 1626 Ro-

322 1683 414 1727 mam
431 1684 509 1728 cum
522 1665 752 1747 praesentibus
767 1662 1038 1741 accusatoribus,
1054 1671 1094 1727 nt
1106 1661 1221 1727 locum
1237 1681 1275 1727 se

322 1763 528 1828 defendendi
540 1764 724 1847 acciperet,
739 1763 999 1829 considentibus
1010 1763 1182 1846 episcopis
1196 1762 1275 1845 plu·

323 1864 431 1941 ribus,
446 1864 483 1928 in
499 1865 687 1946 praesentia
702 1863 832 1928 domini
854 1883 955 1946 papae
971 1863 1123 1927 omnium
1138 1862 1273 1947 judicio

322 1965 506 2045 probatum
526 1970 591 2040 est,
608 1970 828 2028 accusatores
848 1961 924 2047 ejus
943 1961 1129 2027 nonnullas
1152 1969 1275 2026 contra

323 2082 402 2126 eum
427 2063 534 2127 falsas
561 2062 752 2127 calumnias
781 2063 1010 2139 machinasse,
1035 2061 1274 2145 scriptumque

312 2169 378 2225 est
395 2163 468 2244 regi
485 2161 868 2226 Northanhumbrorum
884 2160 1057 2238 Alhfrido,
1074 2169 1115 2225 ut
1135 2181 1214 2225 eum
1237 2161 1275 2226 in

322 2262 548 2344 praesulatum
564 2281 664 2325 suum
680 2262 788 2345 recipi
807 2260 948 2339 faceret,
969 2260 1118 2342 eoquod
1141 2261 1273 2344 injuste

321 2359 427 2424 fuerit
448 2360 708 2425 condemnatus.
762 2360 832 2441 Qui
858 2380 936 2426 cum
954 2360 1173 2424 Britanniam
1194 2360 1274 2425 red·

257 2474 259 2476 ·
321 2459 395 2523 iens
419 2460 456 2523 in
481 2468 599 2542 partes
625 2460 821 2528 Galliarum
846 2459 1042 2525 devenisset
1072 2464 1189 2523 tactus
1217 2468 1273 2525 est

319 2557 519 2625 infirmitate
548 2561 741 2642 repentina,
769 2567 810 2624 ut
841 2580 904 2624 nec
933 2578 1023 2642 equo
1046 2558 1125 2623 vehi
1152 2567 1272 2642 posset

320 2658 380 2722 sed
396 2659 554 2724 manibus
569 2660 804 2725 ministrorum
818 2660 854 2723 in
868 2660 1038 2740 grabbato
1053 2665 1271 2741 portaretur3

318 2758 439 2842 sicque
461 2760 496 2823 in
513 2759 668 2824 Meldum
684 2761 861 2826 civitatem
875 2758 1002 2824 Galliae
1018 2757 1167 2836 delatus,
1184 2779 1271 2843 qua·

320 2864 400 2923 tuor
417 2858 537 2924 diebus
556 2879 635 2923 cum
658 2860 817 2925 noctibus
834 2858 935 2941 quasi
956 2865 1114 2923 mortuus
1129 2858 1269 2924 decum-

318 2959 435 3023 bebat.
488 2958 646 3042 Cumque
661 2960 712 3024 ita
735 2960 809 3024 sine
824 2959 902 3023 cibo
923 2965 959 3023 et
978 2966 1076 3041 potu,
1092 2959 1169 3023 sine
1183 2978 1270 3024 voce

319 3064 356 3122 et
382 3057 516 3136 auditu,
541 3058 725 3142 quatriduo
750 3065 950 3136 vexaretur,
974 3058 1097 3141 quinto
1129 3058 1269 3124 illuces-

319 3156 498 3235 centedie,
514 3160 615 3241 qnasi
625 3159 668 3223 de
684 3159 784 3242 gravi
795 3158 917 3223 somnd
927 3177 1121 3240 exsurgens
1131 3158 1270 3238 resedit,

319 3257 559 3341 modicumque
573 3258 765 3341 suspirans,
783 3257 842 3322 ubi
857 3264 950 3322 esset
966 3255 1064 3321 Acca
1077 3258 1270 3342 presbyter,

319 3357 512 3439 requisivit,
550 3359 609 3441 qui
647 3378 726 3423 cum
760 3357 878 3422 statim
906 3363 1053 3422 vocatus
1091 3357 1269 3437 intrasset,

233 3495 238 3507 ·
318 3455 370 3519 ita
393 3475 473 3520 eum
498 3457 628 3540 alloqui
652 3458 797 3521 adorsus
820 3464 893 3536 est;
918 3454 1041 3522 ‘Visio
1062 3455 1146 3521 mihi
1165 3457 1268 3522 modo

291 3556 497 3620 -tremenda
523 3558 696 3640 apparuit,
721 3576 825 3639 quam
852 3565 887 3621 te
916 3556 1035 3620 audire
1064 3575 1105 3620 ac
1131 3557 1268 3622 silentio

318 3662 434 3735 tegere
453 3657 544 3733 volo,
560 3657 668 3721 donec
691 3658 831 3739 probem
848 3656 930 3739 quid
954 3657 996 3720 de
1018 3676 1073 3719 me
1095 3655 1168 3721 fieri
1183 3657 1269 3721 velit

318 3753 437 3834 Deus3
472 3753 620 3820 Adstitit
641 3756 725 3820 mihi
747 3756 887 3839 quidam
909 3755 1057 3821 candido
1079 3756 1267 3837 praeclarus

317 3852 451 3931 habitu,
466 3855 596 3933 dicens,
612 3876 650 3919 se
668 3855 872 3920 Michaelem
889 3854 1145 3937 archangelum,
1162 3863 1198 3920 et
1222 3856 1266 3920 ob

318 3951 395 4031 hoc,
418 3955 543 4037 inquit,
559 3956 686 4019 missus
708 3975 798 4034 sum,
813 3962 853 4020 ut
874 3962 910 4020 te
932 3975 953 4018 a
974 3963 1085 4018 morte
1108 3974 1266 4020 revocem

350 4137 359 4170 ¹
371 4141 462 4190 Eodem
473 4155 536 4188 uano
551 4140 706 4205 Wiitrr'dus]
728 4141 778 4190 For
802 4141 891 4191 reader
902 4142 925 4190 is
936 4139 1046 4191 referred
1057 4147 1084 4190 to
1095 4139 1177 4204 Beda,
1184 4139 1210 4211 §§
1217 4147 1266 4195 ⁴2⁰

314 4209 358 4260 the
374 4213 486 4260 contenta
502 4211 532 4259 os
545 4210 595 4260 this
611 4210 716 4272 chapter
735 4211 777 4260 the
802 4216 905 4272 -4243
923 4208 1190 4277 mdim,§§42-us.
