2888 4852
162 1603 233 1644 Battls
242 1602 266 1642 ol

163 1653 276 1694 standford

164 1705 250 1754 Bridgs.

319 410 383 474 514
571 422 704 471 aocsnr
729 422 776 468 nu
799 412 1006 469 wsuoovmr

320 600 402 646 cens
418 580 589 662 rapinam,
606 580 650 642 ab
669 577 837 642 Eadwino
854 587 891 642 et
907 577 1090 642 Mercardo
1107 578 1286 643 fratribus

319 682 363 746 de
384 681 563 765 provincia
579 679 700 762 pulsus
721 679 756 741 in
773 676 924 742 Scotiam
942 677 1020 742 vela
1035 677 1190 758 direxit3
1214 681 1283 762 qui

320 781 447 846 ibidem
463 774 553 862 ¹regi
571 778 779 843 Noricorum
797 776 955 842 Haroldo
968 779 1005 842 in
1021 778 1157 842 obviam
1177 780 1286 844 veni·

321 901 395 957 ens,
410 880 524 944 soedus
542 898 603 962 per
620 878 722 943 fidem
738 897 815 941 cum
841 897 882 942 eo
900 879 1045 961 pepigit.
1097 877 1209 943 Venit
1232 879 1283 944 ad

321 981 437 1045 hocin
454 978 619 1061 Angliam
642 978 805 1042 trecentis
825 979 1015 1059 cogonibus
1037 977 1218 1055 advectus,
1237 989 1285 1045 ut

322 1100 398 1145 eam
426 1079 596 1163 subjicere
623 1085 833 1156 conaretur3
867 1078 1005 1142 tandem
1032 1078 1069 1141 iu
1093 1077 1284 1143 Northan-

323 1180 482 1244 humbria
501 1198 614 1242 rerum
631 1178 892 1260 depopulationi
914 1178 1091 1255 insistens,
1112 1177 1283 1243 Merche-

322 1299 399 1343 rum
422 1279 581 1343 comitem
599 1297 676 1341 cum
695 1277 889 1341 hominibus
907 1277 1057 1359 regionis
1077 1271 1187 1343 ²bello
1203 1280 1284 1343 vic·

323 1388 397 1444 tum
412 1378 503 1442 infra
513 1378 707 1442 Eboracum
722 1377 874 1442 intrusit.
913 1377 993 1457 Quo
1004 1378 1197 1459 divulgato,
1212 1399 1283 1445 rex

325 1478 521 1562 Anglorum
539 1477 730 1553 Humidus,
745 1478 880 1542 cunctis
897 1477 1027 1542 viribus
1048 1477 1217 1555 collectis,
1234 1479 1283 1543 il-

324 1580 382 1644 luc
405 1598 482 1643 cum
504 1577 725 1642 festinatione
748 1578 950 1656 contendit;
980 1597 1126 1660 cumque
1147 1578 1192 1641 ad
1211 1579 1284 1643 vil-

326 1679 407 1756 lam,
428 1697 506 1762 quae
528 1671 709 1742 ³stanf0rd
732 1677 871 1755 dicitur,
892 1679 1118 1759 pervenisset,
1141 1678 1284 1745 invenit

326 1780 374 1844 ibi
397 1778 613 1843 adversarios
636 1777 832 1860 praedictos,
856 1778 927 1855 ubi,
941 1778 1023 1842 licet
1041 1776 1178 1842 difficile
1201 1798 1283 1843 cre-

327 1879 442 1957 datur,
472 1872 579 1942 ⁴unus
610 1877 705 1941 solus
729 1876 879 1942 Noricus
908 1877 945 1940 in
971 1879 1130 1960 ingressu
1156 1879 1283 1960 pontis

327 1987 438 2056 stans,
468 1978 587 2042 multis
619 1977 833 2060 interemptis
864 1996 908 2041 ex
934 1976 1072 2059 Anglis,
1102 1998 1224 2042 omnes
1258 1999 1286 2057 a

329 2079 477 2143 transitu
501 2078 732 2160 repercussit;
764 2077 834 2159 qui,
862 2077 1030 2142 invitatus
1061 2078 1104 2141 ad
1128 2078 1284 2144 deditio-

330 2199 420 2256 nem,
445 2178 611 2242 irridebat
634 2175 780 2259 Anglos,
804 2177 933 2255 dicens,
962 2178 1142 2242 imbecillis
1169 2181 1282 2244 animi

329 2298 405 2343 esse
417 2279 521 2354 viros,
532 2278 592 2360 qui
608 2278 669 2340 uni
685 2278 913 2359 nequiverunt
931 2279 1089 2343 resistere
1103 2279 1282 2345 bellatori.

330 2378 478 2464 Nemine
492 2378 600 2459 igitur
614 2378 757 2460 propius
773 2377 921 2441 audente
938 2379 1111 2456 accedere,
1127 2382 1285 2462 eoquod

327 2478 461 2543 cunctis
481 2478 656 2543 videretur
678 2477 911 2541 inconsultum
934 2478 1089 2542 cominus
1111 2480 1282 2560 congredi

327 2598 405 2643 cum
431 2579 503 2656 illo,
523 2597 612 2641 uuus
637 2577 775 2641 tandem
799 2577 842 2640 de
859 2577 990 2641 familia
1013 2579 1104 2660 regis
1123 2580 1160 2642 in
1177 2580 1280 2644 illum

327 2678 497 2761 spiculum
520 2677 672 2758 dirigens
695 2676 895 2759 perforavit,
915 2685 951 2742 et
973 2686 1128 2742 mortuus
1151 2680 1186 2743 in
1211 2679 1281 2743 flu·

327 2798 406 2842 men
444 2796 607 2842 corruens
646 2775 826 2841 victoriam
860 2776 984 2859 Anglis
1021 2780 1204 2857 concessit,
1244 2789 1282 2845 et

327 2879 490 2942 continuo
527 2876 702 2941 exercitus
739 2874 933 2959 Anglorum
976 2878 1084 2943 libero
1127 2881 1282 2944 transitu

327 2977 536 3059 transjectus
574 2997 596 3040 a
636 2983 734 3057 tergo
773 2977 877 3041 caedit
908 2977 1057 3041 Noricos
1092 2978 1281 3060 fugientes.

328 3077 486 3159 Denique
520 3077 727 3141 Noricorum
759 3096 840 3157 rege
869 3076 1041 3155 Haroldo,
1073 3085 1108 3142 et
1140 3079 1282 3156 Tostio,

326 3177 432 3241 fratre
461 3177 551 3258 regis
572 3175 779 3258 Anglorum,
803 3196 881 3240 cum
905 3178 1024 3241 multis
1052 3178 1197 3243 aliorum
1225 3182 1283 3244 in·

326 3278 491 3354 terfectis,
508 3296 570 3340 rex
588 3275 784 3358 Anglorum
810 3297 944 3341 omnem
968 3279 1121 3361 praedam
1141 3287 1176 3343 et
1202 3300 1281 3344 ma·

326 3379 450 3442 nubias
472 3378 506 3439 in
525 3377 682 3459 proprios
705 3396 801 3453 usus,
816 3377 902 3439 nulli
919 3378 1101 3461 quicquam
1125 3399 1284 3445 commu-

362 3598 370 3631 ¹
391 3600 455 3663 Regi
479 3600 623 3648 Noricorum
646 3602 789 3666 unaue]
814 3604 855 3652 the
867 3603 939 3664 place
951 3603 1090 3671 Fult'ord(a
1098 3606 1191 3668 village
1200 3607 1283 3658 about

327 3671 426 3721 Harold
450 3670 592 3731 Harvagre,
612 3685 640 3718 or
659 3671 700 3720 the
719 3672 790 3719 Fair-
813 3679 864 3722 two
875 3673 947 3722 miles
960 3674 1022 3722 from
1034 3675 1076 3724 the
1087 3674 1160 3739 city).

327 3742 426 3839 hai'red,
436 3740 519 3822 called
530 3740 584 3788 alto
597 3740 741 3822 Hardrade.
847 3770 1003 3843 ³Stanford.]
1010 3777 1065 3826 The
1070 3779 1148 3827 battle
1155 3780 1284 3832 ossnnd·

385 3812 455 3860 ΒθΠθ
472 3810 591 3873 mm]
621 3810 790 3873 H¹¹¹¹t¹¹¹ffd⁰¹¹
814 3846 868 3895 sord
886 3847 991 3909 Bridge,
1009 3848 1077 3897 since
1095 3849 1178 3898 called
1193 3851 1283 3903 Battle

327 3881 685 4012 ffixffiffingffibg’
694 3888 723 3998 ἓ
736 3882 790 3999 ἐξ
816 3916 920 3978 Bridge,
932 3933 986 3966 was
1002 3916 1092 3980 fought
1107 3933 1140 3967 ou
1157 3919 1199 3969 the
1215 3925 1281 3973 2⁵tn

326 4022 417 4084 fought
424 4037 455 4071 on
462 4022 504 4070 the
512 4022 574 4083 vigil
583 4020 612 4068 os
620 4021 646 4069 S.
656 4021 789 4082 Matthew,
814 3987 883 4048 sept·
897 3991 969 4036 ¹⁰⁶6·

326 4093 385 4142 aoth
409 4093 562 4154 September,
587 4104 618 4139 ou
646 4090 688 4139 the
717 4091 788 4139 north
849 4088 944 4140 ‘Unus
965 4093 1030 4141 solur
1052 4087 1189 4161 Noritae]
1214 4095 1282 4147 This

326 4163 393 4211 bank
416 4163 445 4212 ol
464 4163 505 4211 the
529 4165 599 4213 Ouse
626 4160 700 4223 river,
728 4176 789 4209 near
813 4161 934 4210 anecdota
951 4163 973 4210 is
990 4163 1079 4224 copied
1092 4159 1153 4212 from
1168 4164 1281 4215 Malms-

327 4233 406 4282 York.
443 4233 543 4285 Simeon
551 4231 615 4281 calls
626 4229 667 4280 tlte
679 4246 751 4281 name
762 4232 791 4280 ol
813 4233 885 4293 bury,
895 4247 922 4293 p.
935 4236 992 4283 886.
