2888 4852
428 429 567 477 rnonns
592 426 860 480 ursvonrnnuu.
1050 417 1116 481 307

164 582 291 646 mundo
314 582 487 660 iuventus,
504 585 580 667 ipso
598 584 744 668 jubente
759 584 873 648 suerat
889 585 1112 665 interfectus;

164 682 275 746 atilli
301 692 563 766 prorumpentes
588 685 625 747 in
649 684 768 748 fletum
790 685 1054 762 amarissimum,
1069 686 1113 750 de

164 789 274 845 morte
290 784 399 865 patris
419 784 473 847 sui
486 783 780 847 inconsolabiliter
796 785 1000 866 perturbati,
1011 784 1111 868 jura·

165 888 289 946 verunt
312 903 374 966 per
398 883 650 966 omnipotentes
675 882 759 947 deos
781 902 875 961 suos,
902 883 995 967 quod
1021 903 1112 947 mor·

166 988 235 1045 tem
252 980 347 1044 illam
373 1002 442 1046 non
463 983 696 1066 relinquerent
709 984 934 1065 impunitam3
960 983 1112 1046 Bernum

166 1100 303 1162 quoque
330 1089 541 1159 venatorem,
568 1083 628 1164 qui
656 1082 693 1145 in
723 1083 886 1146 navicula
913 1083 1022 1164 patris
1058 1083 1112 1146 sui

166 1180 366 1257 advenerat,
379 1183 632 1246 constituerunt
647 1181 823 1245 ductorem
839 1201 953 1259 suum,
969 1190 1008 1246 ut
1022 1200 1060 1245 se
1076 1183 1113 1244 in

165 1300 282 1360 rogem
299 1280 539 1345 Eadmundum
557 1281 783 1345 vindicarent.
818 1279 873 1345 Ac
887 1281 1114 1358 deinde,con·

166 1389 311 1460 gregato
340 1380 496 1445 exercitu
524 1381 677 1463 copioso,
704 1399 782 1444 cum
809 1379 934 1462 viginti
962 1381 1114 1444 millibus

167 1487 378 1543 armatorum
400 1499 495 1544 mare
511 1480 658 1562 ingressi
673 1499 793 1543 versus
809 1480 984 1562 regionem
1002 1480 1113 1543 orien-

166 1577 287 1642 talium
305 1577 497 1660 Anglorum
514 1580 592 1644 vela
612 1579 813 1643 direxerunt
837 1586 872 1643 et
892 1597 1001 1655 arma,
1019 1587 1058 1642 ut
1075 1599 1114 1642 se
1149 1646 1152 1651 ,

167 1678 204 1741 in
226 1697 342 1759 regem
360 1678 599 1742 Eadmundnm
624 1678 667 1741 de
684 1685 794 1741 morte
817 1678 878 1740 illa
901 1678 1038 1759 penitus
1061 1678 1114 1740 in·

167 1786 302 1842 sontem
325 1778 435 1842 ultum
452 1778 564 1857 irent3
589 1785 815 1842 veruntamen
828 1777 942 1841 ventis
969 1776 1006 1840 in
1031 1796 1113 1841 con·

169 1877 313 1941 trarium
341 1877 488 1941 classem
518 1877 786 1959 impellentibus,
817 1876 853 1941 in
881 1875 998 1941 Scotia
1021 1876 1114 1959 apud
1126 1899 1172 1938 no
1180 1898 1252 1938 ouo

169 1977 304 2041 Bervvic
327 1996 433 2060 super
447 1977 603 2040 Tuedam
629 1975 798 2059 compulsi
823 1983 905 2039 sunt
928 1975 1116 2058 applicare,
1126 1949 1233 2040 illiti.

169 2077 227 2140 ubi
249 2078 485 2160 praescriptam
499 2075 803 2159 depopulationem
821 2075 1034 2152 inchoanteS,
1050 2094 1116 2140 sae·

170 2176 295 2240 viando
321 2177 460 2258 ubique,
491 2175 631 2239 tandem
662 2175 706 2239 ad
732 2175 965 2256 Est-angliam
994 2194 1116 2257 pervc-

174 2283 310 2353 nerunt,
332 2284 367 2340 et
391 2274 483 2358 apud
514 2275 647 2351 villum,
669 2294 747 2358 quae
777 2268 954 2338 ¹Redford
981 2273 1118 2350 dicitnr,

172 2376 408 2440 castrametati
430 2393 653 2457 quoscunque
675 2374 882 2438 invenerunt
899 2372 947 2437 ibi
962 2374 1057 2438 viros
1078 2393 1121 2439 ao

174 2474 334 2539 mulieres
361 2475 395 2538 in
429 2493 489 2538 ore
518 2473 626 2555 gladii
663 2481 892 2556 peremerunt.
961 2474 1123 2556 Denique

173 2593 251 2637 cum
283 2573 409 2638 ibidem
436 2581 603 2656 tyrannus
632 2571 795 2655 Hingnar
821 2571 1052 2656 nequissimus
1075 2592 1120 2636 ex

174 2673 394 2738 multitudine
430 2672 690 2737 interfectorum
726 2692 825 2736 snam
868 2672 1121 2753 aliquantulum

175 2772 303 2838 rabiem
328 2780 577 2848 exsaturasset,
597 2771 765 2854 quosdam
789 2771 941 2854 plebeios
962 2771 1123 2847 advocat,

175 2891 262 2954 quos
292 2873 408 2955 gladio
434 2892 498 2936 suo
520 2871 702 2956 judicabat
727 2871 900 2952 indiguos,
929 2877 1034 2952 atque
1061 2871 1120 2933 ubi

177 2992 237 3036 rex
256 2991 375 3036 eorum
391 2980 474 3036 tunc
496 2971 660 3055 temporis
674 2969 783 3035 vitam
798 2970 951 3045 duceret,
966 2970 1123 3046 solicitus

176 3072 386 3153 investigat3
420 3071 515 3135 sama
543 3090 691 3153 namque
725 3070 768 3134 ad
797 3089 876 3133 eum
906 3077 1122 3150 pervenerat,

178 3172 268 3253 quod
290 3171 464 3254 piissimus
487 3189 550 3234 rex
564 3170 791 3234 Eadmundns
805 3169 937 3233 viribus
960 3176 996 3232 et
1018 3169 1123 3231 armis

177 3279 270 3335 esset
296 3279 460 3335 strennus
492 3271 589 3334 acin
615 3271 709 3335 omni
735 3269 888 3351 corporis
911 3266 1124 3331 dimensione

178 3369 280 3434 simul
318 3379 353 3435 et
382 3369 588 3453 proceritate
618 3368 925 3452 incomparabilis;
963 3368 1125 3449 quocirca

178 3470 364 3535 festinabat
389 3489 477 3552 quos
503 3470 770 3552 circumquaque
801 3467 929 3549 reperit
951 3467 1026 3530 neci
1054 3474 1125 3530 tra·

179 3570 271 3647 dere,
287 3590 330 3633 ne
344 3570 453 3633 multo
470 3569 620 3649 stipatus
631 3568 778 3632 militum
795 3567 932 3648 agmine
949 3566 993 3629 ad
1005 3566 1127 3649 patriae

179 3663 420 3733 defensionem
437 3667 592 3732 sufficere
610 3669 790 3751 potuisset.
844 3666 1050 3730 Morabatur
1065 3684 1128 3729 au·

181 3777 250 3833 tem
272 3789 313 3833 eo
330 3777 484 3852 tempore
510 3767 683 3849 gloriosus
706 3786 768 3831 rex
786 3772 822 3830 et
838 3765 975 3829 futurus
998 3772 1129 3845 martyr

183 3868 408 3932 Eadmundus
420 3869 456 3931 in
465 3868 549 3932 villa
566 3867 672 3948 regia,
682 3886 760 3949 quae
773 3856 1027 3930 '²Haeilesdune
1037 3863 1129 3926 dicc-

227 4042 394 4104 ¹Redsord;]
412 4081 414 4084 Α
432 4059 500 4092 more
528 4043 644 4105 properly
669 4043 753 4103 citur,’
777 4043 872 4092 Bromi.
896 4042 944 4091 col.
967 4044 1023 4088 805.
1065 4038 1132 4087 Now

181 4114 339 4164 ‘Thetiord.’
673 4113 775 4173 Horon,
785 4128 817 4161 on
833 4112 875 4161 the
894 4112 961 4160 river
972 4110 1095 4169 Waveny‚
1107 4109 1133 4155 in

215 4178 422 4250 maetam]
434 4184 442 4212 ‘
454 4182 581 4244 Eglesdou
592 4182 646 4230 sivo
671 4182 779 4233 Suffolk.

185 4254 326 4314 Halesum,
343 4254 416 4302 modo
429 4267 487 4301 vero
505 4252 591 4301 Horne
610 4251 648 4299 di·

980 4322 1030 4368 Η
