2888 4852
415 463 555 512 rnoans
577 463 847 513 nrsronmaeu.
1041 445 1108 512 299

157 619 542 685 Northanbumbrorum
557 621 759 700 interfectis,
778 621 951 703 Egbertus
965 619 1108 703 quidam

156 741 281 803 genere
299 720 480 803 Anglicus,
497 722 562 784 sub
579 721 759 786 Danornm
773 729 948 804 potestate
960 739 1106 802 regnum

157 820 316 902 adeptus,
346 820 431 884 illud
464 840 528 884 sex
559 822 661 885 annis
694 821 911 903 gubernavit.
975 820 1106 884 Eodem
1119 835 1222 926 pm

156 939 249 983 anno
282 919 476 997 Alfstanus‚
513 921 788 985 Scireburnensis
826 921 984 998 antistes,
1017 919 1106 984 diem
1119 935 1245 1028 mate·

157 1019 284 1084 elausit
301 1028 515 1099 extremum3
534 1013 610 1102 ¹qui
635 1022 846 1104 temporibus
871 1040 992 1103 regum
1015 1021 1109 1084 occi·

158 1119 347 1185 dentalium
373 1119 565 1198 Saxonum,
580 1120 723 1202 Egberti
751 1128 787 1184 et
806 1120 868 1184 filii
890 1121 966 1203 ejus
983 1118 1106 1184 Athel-

158 1219 239 1297 wlfi,
255 1238 390 1301 magnae
407 1221 442 1283 in
458 1238 565 1301 regno
578 1221 742 1303 potentiae
759 1227 794 1283 et
805 1220 957 1301 ingentis
975 1219 1109 1284 consilii

158 1318 234 1396 suit,
261 1319 343 1382 dum
368 1319 533 1402 praedicto
558 1320 632 1401 regi
658 1319 810 1401 Egberto
825 1317 1050 1383 cantuaritas
1072 1326 1110 1385 et

159 1416 296 1500 Anglos
324 1418 508 1483 orientales
536 1419 667 1483 bellicis
693 1420 868 1483 laboribus
893 1418 1108 1502 subjugavit.

160 1515 292 1582 Contra
315 1518 437 1583 Danos
465 1538 615 1602 quoque,
631 1520 690 1602 qui
715 1527 799 1583 tnnc
823 1519 934 1602 primo
959 1518 1109 1582 insulam

160 1617 386 1696 infestabant,
418 1618 511 1700 regis
539 1619 716 1683 Athelwlfi
751 1618 920 1682 saevitiam
957 1618 1110 1697 exacuit,

159 1717 234 1798 ipse
250 1737 296 1780 ex
309 1718 392 1782 fisco
415 1719 596 1800 pecuniam
621 1719 806 1802 accipiens,
822 1718 898 1801 ipse
918 1718 1110 1782 exereitum

158 1835 380 1899 componens,
394 1818 528 1880 martiis
547 1818 631 1882 selix
645 1819 837 1895 eventibus,
851 1825 974 1882 contra
992 1818 1113 1883 hostes

159 1915 251 1978 bella
289 1917 437 2000 plurima
477 1925 677 1982 constanter
709 1919 851 2001 peregit.
910 1916 1110 1982 Potentiam

161 2033 298 2098 quoque
316 2016 434 2098 vipsius
447 2035 493 2079 ex
507 2015 573 2081 boc
588 2018 732 2100 quilibet
747 2036 956 2098 cognoscere
970 2018 1110 2100 poterit,

161 2118 254 2197 quod
274 2135 391 2196 regem
406 2115 632 2180 Athelwlsum
656 2136 678 2181 a
701 2117 816 2181 Roma
837 2123 1066 2181 revertentem
1088 2137 1112 2182 a

163 2233 270 2296 regno
286 2216 447 2294 arcuerit,
469 2223 603 2280 statuto
619 2216 691 2280 filio
705 2216 782 2300 ejus
796 2214 1006 2281 Athelbaldo
1027 2235 1111 2299 rege

161 2334 225 2396 pro
246 2334 298 2393 eo,
318 2315 427 2379 donec
451 2324 585 2398 patrem
608 2335 686 2380 cum
708 2317 780 2380 tilio
804 2317 841 2379 in
861 2323 990 2380 sortem
1012 2317 1112 2400 regni

163 2414 298 2495 regredi
309 2422 506 2497 pateretur-3
523 2416 662 2498 reliquit
677 2425 792 2481 autem
808 2416 988 2481 ecclesiam
999 2435 1111 2496 suam,

163 2532 268 2596 quam
303 2515 403 2578 annis
433 2524 573 2580 rexerat
600 2517 864 2599 quinquaginta,
894 2514 1110 2599 praedivitem

161 2614 198 2677 in
217 2614 358 2697 praediis
384 2615 611 2699 undecunque
628 2616 822 2699 adquisitis,
844 2609 898 2679 ²et
914 2636 995 2679 eum
1019 2612 1113 2682 esset

162 2714 352 2796 cupiditate
384 2714 623 2798 praefervidus,
654 2723 730 2780 erat
761 2724 876 2780 tamen
903 2716 1113 2781 liberalitate

163 2815 369 2897 praecipuus.
414 2814 579 2898 Sepultus
606 2822 660 2879 est
687 2816 780 2898 apud
810 2816 1053 2880 Seireburnam
1074 2816 1112 2909 in

163 2913 308 2978 ecclesia
325 2912 526 2979 cathedrali.

394 3091 462 3154 aa
476 3088 630 3174 Alsredue
643 3109 768 3153 acoron
783 3087 884 3152 decit.

216 3209 319 3278 Anno
347 3214 489 3278 Domini
521 3228 743 3278 ncecnxvru.
778 3206 973 3292 ³Alfredns,
1006 3213 1234 3278 fraternam.

167 3312 344 3377 Ethelredi
374 3314 478 3395 regis,
505 3313 646 3398 juvenis
677 3312 888 3378 admirandae
917 3314 1114 3398 probitatis,
1124 3282 1231 3374 iffi
1237 3280 1271 3322 ⁰⁶

165 3431 309 3476 uxorem
332 3414 434 3477 duxit
447 3413 490 3476 de
504 3414 614 3495 regali
629 3433 754 3496 genere
772 3414 1114 3493 Merciorum,‚filiam

203 3676 212 3709 ¹
226 3678 276 3735 Qui
288 3677 434 3741 temporibus
444 3677 551 3742 regum]
567 3678 630 3728 This
654 3679 741 3740 pultes
757 3678 816 3730 est!
838 3678 880 3728 De
899 3678 973 3730 Gest.
989 3679 1072 3732 Aac.
1087 3697 1115 3745 p·

165 3751 189 3797 is
207 3765 240 3798 an
256 3749 433 3809 interpolation
441 3749 476 3809 hy
487 3748 630 3797 Wandover
655 3753 694 3798 1⁰.

165 3818 229 3867 from
241 3819 410 3880 Malmsbury,
420 3818 452 3867 de
462 3818 549 3868 Gestis
561 3819 629 3867 Pon·
688 3815 826 3868 ’sticum
855 3823 917 3869 erret
945 3815 1113 3891 capiditetm]

167 3887 205 3938 tif.
228 3904 255 3951 p.
278 3891 336 3937 aet.
371 3889 451 3936 Aeser
473 3888 523 3937 and
545 3889 629 3939 others
653 3888 955 3951 ‘praediisundecanqne
971 3891 1116 3955 adquisitis,

166 3958 248 4019 rpeak
270 3958 300 4006 oi
321 3957 361 4005 his
381 3957 458 4006 death
485 3959 578 4020 simply
600 3974 629 4008 as
654 3959 1116 4022 quentasiaadiaabominiavelcu-

166 4028 260 4091 having
282 4027 358 4077 taken
386 4029 459 4090 place
481 4029 628 4090 ‘postquam
654 4028 785 4089 piditatem
794 4029 833 4078 vel
844 4030 989 4079 felicitatem
1000 4031 1118 4082 mireris!

165 4100 339 4160 episcopatum
369 4113 415 4160 per
445 4099 631 4160 quinquaginta
654 4098 696 4147 De
708 4098 781 4148 Gest.
794 4099 888 4148 Pontii.
899 4116 926 4163 p.
938 4102 994 4148 att.

168 4183 247 4218 annos
264 4168 442 4218 honorabiliter
452 4169 569 4229 rexerat,’
580 4169 630 4218 and
691 4165 833 4227 'Alsredee
846 4163 963 4236 fram]
991 4168 1117 4232 Compare

167 4239 228 4301 add,
246 4240 288 4307 ‘in
311 4253 375 4300 pace
394 4239 569 4289 Scirehumam
592 4254 631 4289 se·
656 4238 744 4303 Aeser,
756 4255 782 4303 p.
796 4243 835 4290 lt).
