2888 4852
324 376 391 444 222
581 392 716 441 uocum
740 392 787 440 nn
810 390 1023 474 wnunovnn·

327 547 441 614 tiones
457 566 522 629 pro
536 546 707 611 universis
724 545 802 630 ejus
816 546 991 611 beneficiis
1008 546 1100 611 circa
1116 566 1180 611 nos
1198 567 1277 630 per-

326 646 473 723 solvere,
491 646 553 728 qui
571 646 608 709 in
629 646 781 710 tenebris
801 652 837 710 et
858 647 981 709 umbra
1002 646 1123 710 mortis
1144 648 1278 729 positos

326 746 372 810 ad
394 745 512 809 lumen
533 745 688 808 scientim
709 745 880 828 perducit.
931 738 1144 810 ¹H0rtamur
1158 744 1281 829 itaque

329 845 407 909 Deo
437 843 600 908 dilectam
627 844 865 924 religiositatis
901 850 972 908 tuae
1004 845 1205 922 bonitatem,
1238 853 1279 910 ut

329 945 412 1027 quia
436 944 567 1007 exortis
589 943 795 1024 quibusdam
819 943 1131 1008 ecclesiasticarum
1155 963 1279 1010 causa-

329 1062 406 1111 rum
424 1043 598 1123 capitulis,
613 1060 682 1106 non
699 1043 775 1105 sine
795 1043 1050 1107 examinatione
1066 1042 1206 1125 longius
1223 1045 1278 1107 in·

329 1141 559 1218 notescendis‚
571 1160 667 1222 -opus
684 1141 783 1204 nobis
799 1141 866 1205 fuit
881 1142 925 1205 ad
942 1141 1187 1206 conserendum
1203 1150 1279 1207 arte

328 1239 519 1304 literaturae
541 1239 676 1316 imbuti,
698 1241 789 1304 sicut
814 1241 913 1305 decet
940 1241 1104 1306 devotum
1130 1241 1281 1306 auxilia·

330 1344 440 1402 torem
455 1346 586 1404 sanctae
599 1339 720 1402 matris
742 1345 778 1403 et
799 1341 1005 1404 universalis
1025 1341 1192 1417 ecclesiae,
1209 1341 1280 1405 imo

328 1437 545 1501 obedientem
576 1437 793 1502 devotionem
823 1438 903 1503 huic
932 1447 1060 1503 nostrae
1091 1439 1279 1504 hortationi

330 1555 401 1601 non
433 1537 582 1600 desistas
613 1537 884 1615 accommodare,
914 1539 974 1602 sed
1004 1540 1134 1622 absque
1162 1539 1280 1621 aliqua

330 1637 523 1700 retentione
541 1635 741 1717 religiosum
763 1635 831 1701 Dei
845 1637 1012 1700 famulum
1028 1637 1159 1701 Bedam
1174 1658 1279 1702 vene-

330 1735 485 1812 rabilem,
508 1736 709 1798 monasterii
734 1735 785 1798 tui
813 1737 1063 1818 presbyterum,
1089 1737 1133 1801 ad
1159 1737 1281 1801 limina

330 1832 567 1916 apostolorum
582 1832 789 1916 principum,
806 1835 1023 1898 dominorum
1040 1855 1194 1900 meorum
1211 1835 1279 1900 Pe-

331 1931 377 1996 tri
399 1939 435 1996 et
457 1930 572 2008 Pauli,
593 1939 786 1996 amatorum
807 1939 944 1997 tuorum
970 1952 1011 1997 ac
1034 1941 1280 2016 protectorum,

331 2030 376 2094 ad
396 2034 524 2094 nostrae
541 2031 790 2095 mediocritatis
812 2039 1034 2114 conspectum
1052 2052 1121 2096 non
1137 2034 1280 2097 moreris

332 2128 492 2210 dirigere,
508 2149 611 2212 quem
632 2129 773 2194 favente
787 2129 939 2195 Domino
961 2132 1091 2195 sanctis
1114 2133 1184 2196 this
1200 2151 1280 2215 pre·

332 2226 441 2304 cibus,
466 2247 536 2292 non
567 2226 702 2292 diffidas
730 2248 893 2311 prospero
918 2229 962 2293 ad
987 2237 1022 2293 ta
1053 2230 1176 2307 redire,
1202 2250 1282 2313 per·

332 2332 413 2392 acta
428 2327 684 2408 praemissorum
699 2327 940 2409 capitulorum,
954 2348 1033 2392 cum
1053 2330 1185 2394 auxilio
1202 2330 1282 2408 Dei,

287 2469 288 2472 ,
333 2423 527 2489 desiderata
548 2424 777 2505 solennitate3
803 2426 869 2491 erit
890 2428 981 2491 enim
1003 2434 1043 2492 ut
1064 2429 1280 2507 confidimus,

333 2523 439 2593 otiam
462 2525 597 2587 cunctis
620 2524 684 2588 tibi
707 2525 846 2589 creditis
870 2525 1100 2608 profuturum,
1118 2529 1282 2611 quicquid

332 2621 488 2687 ecelesiae
510 2622 664 2704 generali
685 2623 847 2688 claruerit
868 2645 931 2708 per
946 2625 1022 2709 ejus
1043 2629 1282 2710 praestantiam

332 2720 570 2804 impertitum!

418 2920 468 2983 De
481 2929 575 2984 morto
588 2929 617 2985 et
631 2919 790 3005 mpulturo
808 2918 887 2983 beuti
901 2918 994 2983 Beda
1001 2917 1183 3003 presbyteri.

244 3067 288 3098 no
383 3042 555 3125 Tempore
581 3064 677 3120 vero,
704 3063 773 3126 quo
799 3043 897 3107 Beda
928 3043 1134 3106 venerabilis
1165 3050 1201 3106 et
1230 3044 1285 3106 vir

334 3141 412 3206 Deo
426 3142 565 3224 dignus,
580 3162 625 3206 ex
643 3143 708 3206 hac
724 3143 800 3207 luce
817 3142 991 3223 migravit,
1006 3150 1087 3205 ante
1103 3141 1192 3204 diem
1209 3142 1283 3205 Do-

333 3241 468 3304 minicae
516 3242 787 3317 resurrectionis,
830 3240 966 3304 duabus
1003 3240 1285 3318 hebdomadibus,

335 3339 531 3403 creberrimi
548 3340 666 3404 dolore
691 3339 863 3404 anhelitus
893 3341 1099 3404 vexabatur.
1150 3332 1215 3404 'Et
1235 3341 1285 3405 sic

335 3439 438 3501 laetus
464 3445 500 3501 et
528 3439 696 3519 gaudens,
731 3447 836 3521 atquc
867 3438 1094 3520 omnipotenti
1124 3438 1202 3503 Deo
1230 3440 1286 3503 die

336 3544 509 3620 noctuque
518 3537 650 3619 gratias
659 3556 778 3619 agens,
789 3539 894 3602 immo
904 3537 997 3601 horis
1008 3538 1167 3602 omnibns
1176 3557 1286 3621 usque

371 3796 380 3830 ¹
392 3800 645 3865 Haemonaque]
661 3802 715 3851 The
732 3817 799 3851 com·
823 3807 871 3862 tes,
878 3802 1008 3853 hortamur
1018 3801 1094 3867 Deo‚’
1104 3810 1153 3854 eto.
1167 3804 1287 3856 Malmsb.

208 3853 215 3867 ⁸
336 3875 490 3919 msucement
506 3870 535 3919 oi
550 3871 601 3920 this
616 3872 759 3933 paragraph
775 3872 798 3921 is
822 3873 889 3936 bos.

335 3938 395 3989 here
405 3939 519 3988 omitted.
547 3940 572 3989 lt
582 3941 674 3989 should
682 3942 737 4001 be,‘
745 3940 799 4002 Op·

335 4010 450 4069 portunis
466 4023 526 4070 ergo
542 4024 573 4058 ao
586 4010 674 4073 dignis
689 4011 799 4071 smplec·
858 4008 915 4058 'lit
932 4011 968 4059 sic
985 4004 1080 4077 latua]
1103 4010 1227 4072 Compare
1247 4013 1290 4061 In·

335 4078 419 4127 tendas
435 4078 605 4128 solicitudinis
620 4083 673 4127 tuae
697 4079 799 4140 petitio-
824 4080 964 4129 hodnction
980 4084 1006 4128 to
1023 4079 1105 4141 Beda,
1120 4096 1146 4142 p.
1164 4095 1208 4131 rr.
1225 4083 1287 4130 with

335 4147 410 4198 nibus
421 4148 563 4198 arctissima
574 4148 705 4197 devotione
713 4148 799 4198 inven-
825 4149 945 4200 bialmsb.
957 4148 971 4211 §
982 4153 1024 4199 64.
