2888 4852
402 454 540 520 enonas
565 453 834 502 nrsronrnnuu.
1027 439 1093 505 425

348 687 397 749 Da
413 687 575 769 efflictim
585 687 685 773 pontis
699 687 882 774 [topicam.

196 806 296 871 Anno
314 809 455 873 Domini
481 828 772 874 nccccnxxxvn.
790 811 868 875 duae
885 819 1000 893 pestes
1018 810 1093 875 Au·
1105 832 1160 872 nn.
1172 832 1216 873 oo.

143 906 277 986 glorum
300 918 451 991 gentem,
468 909 579 974 febres
596 910 729 975 scilicet
745 911 921 974 hominum
943 919 978 975 et
1000 932 1091 975 mor·
1105 883 1247 984 llffillffi

145 1007 264 1071 talitas
287 1010 499 1087 animalium,
517 1010 729 1088 afflixerunt,
747 1018 783 1073 et
798 1010 896 1074 clade
912 1011 1092 1092 pervalida

144 1113 214 1168 tam
248 1109 415 1191 populum
443 1107 621 1174 afficiendo
654 1129 757 1192 quam
779 1109 940 1193 jumenta
969 1129 1093 1174 consu·

143 1206 278 1285 mendo,
303 1228 365 1290 per
386 1228 505 1273 omnes
521 1209 607 1273 fines
623 1209 722 1291 regni
744 1209 897 1290 graviter
919 1211 1092 1274 contrive-

44 1336 47 1341 ·
143 1312 234 1371 runt.

143 1480 191 1543 De
204 1490 299 1547 morta
311 1484 412 1547 sandi
426 1485 598 1561 Mosteni,
616 1484 850 1550 Cantaurianos
862 1485 1092 1572 archipiscopi.

208 1604 313 1670 Anno
350 1608 492 1673 Domini
526 1614 831 1674 ncccccxx'xvrn.
873 1612 1092 1675 beatissimus
1104 1634 1160 1674 nn.
1170 1636 1215 1674 vo.

144 1705 320 1770 consessor
356 1708 497 1772 Domini
533 1718 568 1773 et
607 1709 842 1792 archipraesul,
874 1684 1243 1786 Dunstanu3,l³⁸i›¹l¹n⁰·lm

144 1805 328 1869 laudabilis
354 1808 436 1872 vitae
468 1828 606 1872 cursum
641 1808 732 1872 felici
762 1808 861 1873 exitu
893 1811 1094 1876 terminavit

143 1906 402 1987 quartodecimo
419 1907 705 1986 kalendaannii,
720 1909 866 1973 sabbato
877 1930 886 1989 3
898 1903 1016 1994 ¹cujus
1032 1911 1094 1974 mi-

146 2006 341 2069 raculorum
365 2007 477 2088 gloria
501 2008 537 2071 in
560 2016 659 2072 utero
677 2008 797 2072 matris
817 2027 890 2072 suae
913 2010 1093 2074 exordium

145 2103 306 2168 habuisse
322 2106 460 2188 legitur.
511 2101 691 2190 ²Denique
707 2109 929 2173 sanctitatem
945 2109 1021 2192 ejus
1039 2107 1093 2173 fu·

144 2211 258 2266 turam
273 2225 386 2268 rerum
407 2214 529 2269 auctor
547 2207 642 2270 Deus
656 2205 811 2289 jucundo
828 2208 987 2291 prodigio
1003 2229 1092 2290 prae·

144 2304 297 2381 veniens,
313 2305 416 2369 matri
427 2305 650 2369 Dunstanum
665 2306 699 2368 in
712 2312 810 2371 utero
820 2309 972 2388 gestanti
985 2308 1093 2372 filium

144 2403 294 2466 nondum
308 2413 441 2483 natum,
456 2406 538 2487 quid
554 2413 646 2470 esset
660 2405 806 2484 intuma,
823 2407 994 2486 ostendit3
1013 2427 1093 2472 nam

145 2502 180 2564 in
206 2504 260 2566 dio
286 2505 537 2585 purificationis
565 2506 676 2568 beatae
691 2505 835 2587 virginis
858 2506 993 2583 Mariae,
1011 2507 1093 2573 dum

144 2611 235 2666 esset
250 2604 286 2666 in
308 2604 466 2680 ecclesia,
489 2605 651 2687 praesenti
668 2603 819 2668 tumultu
838 2606 991 2670 civitatis
1013 2627 1093 2671 cum

143 2703 295 2766 candelis
320 2704 487 2778 accensis,
509 2704 710 2786 presbytero
733 2703 776 2766 ad
799 2702 948 2767 officium
973 2705 1093 2770 altaris

143 2802 342 2865 solemniter
368 2802 476 2865 sacris
498 2803 709 2866 ornamentis
737 2803 919 2880 adornato,
941 2804 1093 2868 omnium

145 2908 285 2982 repente
308 2902 494 2965 luminaria
509 2921 571 2965 seu
588 2920 701 2978 casus,
716 2902 790 2965 sive
806 2901 873 2965 Dei
890 2910 1007 2980 nutus,
1030 2923 1092 2967 ex-

146 3002 289 3080 stinxit3
314 3002 472 3065 omnibus
494 3001 600 3083 igitur
615 3000 831 3083 stupefactis,
853 3003 975 3065 matris
993 3002 1093 3066 Dun-

144 3104 236 3167 stani
253 3122 371 3167 cereus
386 3102 501 3165 subito
523 3101 639 3164 lumen
655 3101 789 3183 accepit
806 3100 1021 3184 caeterisque,
1038 3103 1092 3166 lu·

145 3204 234 3267 mine
261 3203 525 3280 communicato,
552 3200 762 3263 hilaritatem
788 3199 952 3265 restituit.
1005 3202 1092 3286 Ejus

145 3323 310 3387 processu
326 3301 503 3384 temporie,
521 3300 655 3365 cithara
670 3298 802 3382 paxillo
819 3318 1000 3382 suspensa,
1018 3302 1094 3365 sine

144 3405 295 3467 humano
326 3409 435 3478 tactu,
468 3399 658 3464 ‘Gaudent
684 3400 720 3462 in
748 3399 867 3477 caelis,’
893 3400 1092 3483 antiphonae

143 3503 325 3567 melodiam
342 3501 497 3565 suaviter
514 3500 709 3562 resonabat.
751 3498 817 3562 Ille
834 3518 972 3581 quoque
988 3521 1093 3583 quas·

142 3624 278 3685 cunque
298 3601 426 3665 diaboli
441 3599 580 3663 fraudes
604 3598 721 3661 divino
744 3598 868 3680 spiritu
886 3600 1093 3680 praevidenti,

143 3703 317 3765 diabolum
341 3702 377 3763 in
402 3699 516 3782 specie
542 3698 780 3781 pulcherrimae
808 3698 960 3762 mulieris
984 3701 1028 3763 ad
1054 3720 1092 3765 se

179 3885 603 3959 ¹Cnjnomirucalorum.]compare
628 3891 649 3938 it
669 3890 744 3939 reads
766 3904 795 3938 as
817 3890 932 3947 follows3
957 3890 1091 3952 ‘Denique

144 3965 265 4016 Osbern's
283 3962 424 4024 litanngl
443 3963 513 4010 Saor.
531 3962 559 4010 ii.
577 3976 603 4022 p.
629 3960 770 4009 sanctitatis
797 3960 854 4019 ejus
886 3958 979 4006 lutura
1006 3974 1091 4008 rerum

141 4041 183 4085 90.
628 4034 717 4078 auctor
738 4028 821 4088 Deus,
838 4025 952 4087 jocundo
975 4029 1091 4090 prodigio

629 4098 795 4162 preveniens,
809 4097 883 4144 matri
894 4096 1055 4145 Dunstanum
1064 4098 1090 4146 in

176 4170 187 4204 ²
199 4174 309 4236 Denique
320 4169 502 4233 sanctitatem]
520 4170 550 4218 ln
561 4170 604 4218 the
629 4174 700 4218 utero
717 4167 824 4229 gestanti
836 4166 881 4213 lilii
898 4165 960 4226 uati,
971 4166 1033 4227 quid
1052 4181 1092 4216 es·

141 4251 195 4294 text
206 4244 256 4294 this
266 4256 375 4305 passage
387 4241 409 4289 is
418 4255 477 4301 very
486 4244 603 4301 corrupt;
629 4244 667 4289 set
678 4240 788 4301 tuturus,
799 4231 923 4285 ostendit·
