2888 4852
408 426 547 474 rueres
572 427 839 476 arsronmauu.
1034 411 1100 475 253

145 606 244 670 paene
269 586 486 670 superficiem
510 586 633 649 insulae
658 605 679 649 a
700 586 915 667 mariusque
939 585 982 649 ad
1005 606 1098 650 mare

145 685 461 750 immisericorditer
490 685 704 750 deleverunt.
750 685 830 748 Hac
863 686 982 767 itaque
1011 694 1097 749 tem·

144 793 293 869 pestate,
322 785 469 849 ecclesia
493 785 587 848 beati
613 784 807 865 Anglorum
834 787 1097 868 protomartyris

149 884 288 962 Albani,
311 904 416 967 quam
441 882 540 948 Beda
564 885 600 947 in
625 882 770 947 historia
787 883 992 964 Anglerum,
1017 895 1098 967 pest

146 986 344 1068 passionem
362 985 516 1068 ejusdem
539 983 712 1066 martyris,
728 983 813 1046 miro
828 983 986 1046 tabulatu
1010 984 1097 1067 lapi·

146 1084 212 1149 deo
226 1085 366 1168 scripsit
379 1084 486 1148 luisse
509 1090 755 1157 constructam,
774 1083 863 1146 inter
877 1091 1022 1147 caeteras
1045 1103 1098 1146 re·

146 1184 261 1266 gienis
285 1182 451 1248 ecclesias
475 1182 631 1246 funditus
657 1192 710 1245 est
734 1184 922 1262 subversa;
949 1183 1099 1247 undeet

145 1282 364 1366 sepulchrum
389 1283 478 1367 ejuS,
502 1283 595 1364 quod
619 1283 653 1345 in
679 1282 831 1346 adventu
864 1283 975 1346 sancti
1005 1282 1095 1346 Ger-

146 1384 253 1460 mani,
271 1389 403 1447 etanta
419 1402 441 1446 a
457 1383 619 1463 passione
637 1383 799 1464 martyris
817 1381 985 1463 usquead
1003 1382 1097 1446 illius

148 1483 271 1565 patriae
291 1481 554 1558 desolationem,
571 1483 728 1545 omnibus
752 1488 884 1557 notum,
900 1489 934 1544 et
957 1488 1098 1564 propter

148 1582 392 1646 miraculorum
415 1581 643 1664 frequentiam
661 1582 705 1644 ab
724 1580 884 1644 omnihus
907 1574 1097 1645 fuerat'ad·

148 1689 298 1759 eratum,
332 1689 499 1763 tempere,
530 1700 600 1762 que
628 1679 715 1743 Offae
747 1680 821 1760 regi
846 1680 1003 1761 angelico
1035 1700 1097 1744 ex·

148 1781 240 1845 stitit
256 1780 448 1845 ministerio
470 1780 674 1855 revelatum,
691 1787 766 1843 erat
784 1779 997 1860 incognitum
1021 1779 1098 1844 uni·

148 1881 269 1945 versis.
334 1881 445 1944 Facta
477 1878 595 1961 igitur,
629 1886 667 1941 ut
698 1879 860 1956 diximus,
892 1878 1047 1942 oratione
1077 1898 1099 1943 a

149 1981 242 2045 clero
259 1988 294 2044 et
311 1981 452 2064 popule,
470 1999 548 2042 eum
564 1979 783 2061 eleemosyna
806 1986 841 2041 et
858 1977 1007 2061 jejunio,
1028 1986 1098 2041 ter-

149 2100 224 2144 ram
248 2080 459 2163 percutiunt,
481 2087 516 2142 et
540 2079 669 2161 passim
696 2078 857 2159 martyris
885 2078 1099 2160 sepulturam

149 2180 352 2258 offendunt;
385 2198 448 2243 nec
471 2179 536 2241 suit
558 2196 697 2241 neeesse
719 2177 833 2240 locum
856 2176 915 2240 diu
932 2196 1099 2258 quaerere,

149 2299 252 2362 quem
267 2278 386 2342 divina
402 2277 584 2342 clementia
595 2277 739 2357 dignata
756 2284 810 2339 est
823 2276 952 2340 caelesti
970 2277 1099 2341 lumine

149 2379 314 2443 revelare.
368 2377 535 2459 Martyris
557 2377 664 2457 igitur
686 2395 822 2458 corpus,
844 2376 1004 2440 adstante
1020 2376 1099 2441 Offa

149 2498 231 2559 rege
248 2477 498 2552 strenuissime,
515 2475 551 2537 in
576 2474 676 2540 theca
699 2475 827 2556 lignea,
855 2477 978 2558 inqua
1004 2477 1098 2558 prius

150 2597 172 2642 a
187 2576 317 2641 Christi
335 2576 491 2639 fidelibus
518 2582 661 2657 prepter
681 2576 906 2639 barbarorum
928 2576 1099 2641 saevitiam

151 2677 264 2741 fuerat
286 2687 440 2759 tempore
466 2675 672 2737 discriminis
700 2676 924 2752 occultatum,
952 2678 1100 2758 reperie-

149 2784 231 2841 runt
247 2795 323 2839 cum
339 2774 424 2857 ipsis
440 2774 547 2838 sacris
570 2775 721 2838 omnium
740 2775 973 2857 apestolorum
988 2774 1100 2838 diver-

151 2894 336 2958 sorumque
362 2882 553 2957 martyrum
586 2874 751 2956 reliquiis,
780 2894 867 2955 quas
895 2874 941 2937 ibi
969 2874 1099 2938 dudum

150 2983 291 3040 sanctus
319 2974 526 3057 deposuerat
548 2972 754 3037 Germanus.
808 2973 923 3037 Movit
947 2974 1021 3038 haec
1046 2974 1099 3037 in·

150 3076 268 3140 ventio
290 3082 361 3138 tam
379 3075 507 3138 clerum
527 3092 632 3155 quam
654 3073 820 3156 populum
840 3073 1038 3137 universum
1055 3074 1097 3136 ad

149 3176 357 3257 lachrymas,
379 3182 415 3237 et
437 3175 481 3237 ob
503 3173 569 3236 hoe
591 3174 753 3249 maxime,
776 3173 866 3254 quod
894 3173 994 3237 fidem
1018 3173 1100 3237 fecit

153 3275 254 3339 dictis
277 3282 475 3338 sanctorum
498 3281 635 3356 patrum
659 3273 701 3336 de
724 3272 878 3355 reliquiis
900 3273 1002 3337 simul
1021 3294 1098 3337 eum

150 3393 294 3457 corpore
314 3374 470 3456 repertis,
487 3391 575 3455 quas
595 3373 740 3453 legimus
763 3371 807 3434 ad
829 3373 990 3437 solatium
1009 3393 1100 3438 mar-

151 3475 238 3558 tyris
255 3472 330 3556 ejus
345 3492 445 3536 sacro
461 3473 597 3556 corpori
611 3472 716 3535 suisse
729 3472 945 3555 conjunctas.
986 3473 1099 3551 Quem

152 3594 234 3656 ergo
270 3572 481 3649 thesaurum,
504 3573 563 3636 diu
594 3575 659 3636 sub
688 3572 818 3654 cespite
849 3572 1099 3650 absconditum,

152 3674 432 3757 archiepiscopus
454 3692 531 3736 cum
555 3673 627 3735 suis
658 3672 829 3754 episeopis
852 3672 895 3735 de
917 3673 1099 3756 sepulchro

151 3775 308 3838 levantes
324 3793 401 3836 eum
420 3772 542 3835 timere
560 3782 693 3849 saneto,
716 3771 932 3854 praecedente
956 3772 1101 3836 solemni

152 3874 381 3958 precessione,
420 3872 455 3934 in
493 3870 628 3954 hymnis
663 3878 699 3933 et
734 3870 875 3934 laudum
906 3873 1101 3954 praeconiis,

152 3973 406 4038 transtulerunt
431 3971 466 4033 in
489 3971 660 4052 quandam
683 3970 874 4047 ecclesiam,
898 3972 976 4034 olim
1001 3980 1102 4035 extra

152 4075 270 4137 urbem
295 4071 532 4135 Verolamium
557 4070 592 4132 in
622 4070 786 4133 honorem
819 4071 912 4134 beati
939 4072 1101 4152 martyris

154 4179 403 4245 consecratam,
422 4171 480 4234 ubi
504 4172 539 4233 in
565 4169 699 4245 locello,
723 4190 767 4232 ex
793 4188 876 4233 aure
897 4178 932 4234 et
957 4177 1100 4261 argento
