2888 4852
231 2733 286 2773 Ad).
298 2734 352 2772 1⁰49.

230 2783 313 2824 Badred

230 2834 304 2882 bistrup
315 2833 338 2872 of

231 2883 334 2922 Durhnur.

231 3330 286 3369 Α.Ι),
299 3332 353 3368 1050.

230 3381 354 3418 succetrion

229 3431 253 3468 of
259 3430 350 3479 btubopa.

383 458 450 521 486
643 470 776 517 noc-niu
801 470 849 517 nu
872 467 1080 517 wnunovnu

386 629 607 715 praeterisset,
623 649 744 694 versus
772 629 884 693 estin
907 627 1084 693 fastidium
1106 625 1211 690 ludus
1239 626 1350 701 asini,

387 739 423 794 et
448 731 554 813 coepit
579 749 601 793 a
630 749 694 793 suo
723 728 866 794 custode
894 726 1127 809 negligentius
1150 725 1349 802 custodiri;

388 837 600 913 quapropter
635 829 690 892 die
727 829 890 911 quadam,
922 828 1071 909 abrupto
1105 844 1176 908 quo
1207 825 1348 907 ligatus

389 936 465 992 erat
486 928 574 1004 loro,
600 927 702 1009 fugit,
723 935 758 991 ct
779 928 815 990 in
837 927 1033 1010 proximum
1057 925 1171 989 lacum
1195 944 1235 988 se
1260 945 1347 1007 pro-

385 1029 483 1111 jecit,
497 1028 581 1092 etin
605 1045 696 1108 aqua
715 1027 844 1091 diutius
864 1026 1040 1090 volutatus
1067 1023 1251 1108 pristinam
1276 1023 1347 1087 sibi

390 1127 539 1190 hominis
560 1126 705 1190 formam
730 1126 893 1190 restituit.
946 1123 1073 1188 Custos
1101 1131 1217 1187 autom
1247 1121 1347 1187 illius

391 1227 527 1290 asinum
549 1226 737 1303 insecutus,
757 1226 833 1289 viso
853 1224 1002 1301 homine,
1027 1222 1273 1287 sciscitabatur
1297 1241 1347 1286 an

391 1326 526 1389 asinum
540 1325 705 1404 vidisset3
729 1324 787 1388 ille
814 1323 931 1401 refert,
957 1342 994 1386 se
1020 1322 1156 1386 asinum
1175 1321 1286 1385 fuisse
1308 1334 1347 1386 et

390 1425 494 1489 modo
516 1444 554 1488 se
575 1424 720 1489 formam
743 1423 892 1488 bominis
915 1422 1120 1504 suscepisse,
1142 1429 1177 1485 et
1203 1440 1347 1485 omnem

391 1523 443 1587 illi
457 1543 575 1588 casum
598 1542 788 1606 exponens,
803 1542 846 1587 ea
858 1541 935 1604 quae
958 1521 1001 1585 de
1022 1541 1060 1585 se
1081 1519 1175 1585 facta
1190 1519 1347 1597 fuerant,

392 1643 453 1706 per
474 1623 627 1687 ordinem
651 1622 821 1687 recitavit.
869 1621 1020 1685 Miratus
1043 1620 1194 1684 famulus
1216 1619 1261 1682 ad
1282 1618 1346 1684 do·

393 1724 522 1786 minum
548 1742 620 1786 rem
643 1721 779 1799 detulit,
802 1729 838 1785 et
860 1721 1018 1785 dominus
1035 1719 1078 1783 ad
1101 1738 1227 1802 papam
1251 1718 1345 1783 Leo·

393 1842 483 1900 nem,
508 1829 543 1885 et
568 1821 728 1885 mulieres
753 1820 892 1884 tandem
917 1821 1085 1884 convicte
1107 1838 1208 1902 papae
1239 1838 1345 1882 suum

393 1920 601 1984 confitentur
617 1920 800 2000 delictum3
824 1919 897 1997 sed,
920 1939 1012 2002 papa
1035 1937 1140 2001 super
1155 1918 1219 1982 boc
1241 1917 1347 1981 dubi·

393 2028 490 2084 tante
514 2027 550 2086 et
582 2040 658 2084 esse
685 2020 845 2084 frivolum
877 2018 1093 2095 adfirmante,
1119 2017 1245 2082 Petms
1270 2017 1348 2081 Da-

394 2119 528 2183 mianus
543 2139 662 2183 verum
682 2119 788 2183 fuisse
803 2119 975 2202 probavit,
991 2117 1159 2201 producto
1180 2117 1347 2199 exemplo

393 2219 436 2282 de
461 2219 600 2282 Simone
620 2219 742 2301 Mago,
765 2218 824 2300 qui
849 2218 1078 2281 Faustianum
1100 2216 1137 2280 in
1159 2216 1270 2298 ipsius
1292 2215 1347 2280 Si·

392 2318 503 2381 monis
521 2318 667 2400 figuram
690 2318 800 2382 videri
824 2324 859 2380 et
883 2336 905 2380 a
930 2317 1010 2380 filiis
1037 2316 1111 2379 suis
1135 2315 1255 2380 fecerit
1282 2316 1347 2379 ab·

392 2416 534 2481 horreri.

501 2589 551 2652 Dc
565 2596 658 2652 morte
672 2586 857 2653 Eodmuudi
870 2588 1085 2653 Dauolmaueis
1098 2586 1241 2673 episcopi

442 2711 546 2776 Anno
560 2712 684 2794 gratiae
702 2729 837 2776 Mxnix.
855 2712 1018 2777 defuncto
1035 2711 1252 2788 Eadmundo,
1267 2712 1347 2777 Du·

393 2812 557 2896 nelmensi
586 2812 761 2894 episcopo,
778 2813 853 2876 viro
874 2813 1051 2895 religioso,
1072 2812 1115 2875 de
1140 2811 1241 2894 cujus
1264 2831 1349 2893 pro-

393 2912 543 2975 motione
565 2918 600 2974 ct
622 2912 807 2975 sanctitate
832 2906 1007 2994 ¹superius
1032 2912 1178 2975 babetur
1200 2930 1348 2994 expres·

392 3032 481 3090 sum,
499 3010 677 3074 Eadredus
693 3011 728 3073 in
746 3010 983 3094 episcopatum
998 3011 1176 3074 successit.

534 3151 540 3163 ι
601 3182 757 3246 Damoeta
770 3182 887 3274 Eodcii
899 3182 1131 3269 archiepiscopi.

442 3305 546 3370 Anno
563 3307 705 3370 Domini
724 3322 786 3369 un.
803 3307 956 3371 defuncti
970 3314 1052 3370 sunt
1071 3305 1232 3384 Eadsius,
1249 3307 1346 3375 Can·

392 3406 577 3469 tuariensis
594 3405 887 3489 archiepiscopus
907 3414 943 3470 et
960 3407 1036 3489 ejus
1053 3406 1200 3470 vicarius
1212 3406 1345 3472 Siwar-

391 3504 469 3580 duS,
483 3512 588 3585 atque
614 3504 919 3569 Dorkecestrensis
943 3504 1160 3569 Eaduothus.
1211 3506 1347 3573 Eadsio

391 3610 505 3665 autem
529 3605 696 3667 successit
719 3597 913 3668 ²Robertus
937 3606 1121 3687 episcopus
1143 3604 1346 3671 Londinen·

426 3820 566 3886 ¹Saperius
584 3822 712 3887 habena]
737 3825 790 3873 The
812 3842 853 3875 ac·
878 3827 950 3876 made
967 3826 1223 3890 bisbopofLondon3
1240 3831 1282 3880 bis
1298 3847 1346 3882 ex·

390 3898 466 3941 count
476 3893 506 3942 of
520 3888 675 3941 Eadmund’s
691 3894 816 3944 elevation
827 3901 853 3944 tn
877 3898 977 3958 pulsiou
994 3897 1057 3946 from
1075 3898 1118 3947 tho
1133 3913 1175 3948 see
1193 3899 1222 3948 of
1237 3901 1346 3952 Canter-

391 3963 433 4011 the
444 3977 487 4011 see
498 3965 521 4011 is
532 3964 605 4024 given
618 3964 643 4010 in
654 3963 696 4010 the
706 3979 767 4024 year
780 3968 851 4016 1⁰20.
877 3968 942 4027 bury
960 3968 984 4015 is
1001 3968 1100 4016 noticed
1117 3968 1199 4018 below
1216 3971 1242 4018 in
1262 3975 1346 4031 1⁰523

389 4032 721 4094 ibrgotplaccsbisdeath
741 4034 767 4080 in
779 4038 852 4089 1041,
877 4050 905 4085 so
927 4038 981 4085 also
1001 4036 1067 4086 Flor.
1103 4038 1157 4086 The
1173 4039 1343 4090 Sax.Cbrun.

391 4103 440 4150 and
452 4102 506 4150 that
516 4103 545 4150 of
553 4103 593 4150 bis
604 4117 736 4150 successor
744 4104 769 4150 iu
780 4108 850 4153 1042.
876 4107 963 4166 places
979 4106 1019 4154 bis
1037 4107 1184 4156 translation
1198 4113 1223 4157 to
1235 4108 1344 4159 Canter-

426 4169 588 4234 ²Robertus.]
618 4172 659 4220 He
682 4171 733 4219 bad
757 4174 853 4223 besua
876 4176 941 4235 bury
960 4177 986 4223 iu
1008 4179 1080 4236 lose,
1099 4178 1149 4225 and
1167 4179 1269 4226 recorda
1286 4180 1344 4229 tbat

390 4240 465 4288 monk
477 4240 506 4289 of
513 4242 530 4290 J
533 4239 647 4302 umitges
659 4241 743 4290 before
755 4241 786 4291 be
798 4259 852 4293 uus
877 4244 1016 4306 Sparhnfoc
1023 4259 1078 4293 was
1089 4247 1225 4307 appointed
1234 4247 1275 4297 bis
1283 4264 1345 4298 auc·
