2888 4852
422 417 562 467 rnoans
585 418 855 470 ursroailauu.
1069 404 1114 470 63

159 574 278 652 britio,
304 590 387 658 rege
412 573 719 642 Armoricenorum
748 578 943 656 Britonnm,
969 597 1114 660 genera·

161 681 242 755 tus3
275 677 379 753 unde,
413 677 535 742 audita
561 677 812 760 inquietatione
837 698 916 762 quae
940 679 1114 744 avunculo
1127 696 1243 739 stercor

160 775 397 857 ingerebatur,
413 777 522 860 jussit
536 778 715 860 navigium
738 780 865 861 parari,
890 779 1114 862 collectisque
1125 748 1262 848 bilbili,

160 875 359 957 quindecim
380 876 532 942 millibus
555 887 779 956 armatorum,
804 879 964 961 proximo
991 886 1114 944 vento·

161 994 239 1039 rum
254 975 343 1040 flatu
359 976 396 1039 in
412 970 533 1059 ¹portn
547 975 720 1042 Hamonis
736 978 912 1062 applicuit.
966 978 1115 1062 Excepit

161 1074 260 1140 illum
281 1074 456 1141 Arthnrns
478 1097 557 1142 cnm
579 1078 708 1160 gaudio
729 1086 766 1143 et
786 1098 856 1161 quo
878 1077 1008 1143 honore
1035 1086 1114 1143 tan-

163 1182 237 1239 tum
253 1177 367 1241 virum
380 1177 533 1259 recipere
552 1177 708 1242 decebat.
760 1177 891 1243 Eodem
907 1198 999 1244 anno
1015 1179 1115 1263 virgo

164 1275 232 1339 Dei
247 1268 413 1359 ¹Brigrida
427 1276 593 1360 migravit
607 1278 652 1342 ad
668 1277 869 1343 Dominum.

296 1449 346 1514 Do
360 1448 491 1515 motoria
505 1449 644 1514 [induri
650 1449 693 1519 ab
708 1459 805 1515 monte
822 1448 987 1516 Uolidont's.

214 1570 321 1639 Anno
347 1574 470 1657 gratiae
496 1590 629 1639 nxvru.
648 1566 869 1639 ³B0nifacius
888 1574 978 1640 sedit
994 1575 1032 1640 in
1057 1595 1115 1641 ca·
1128 1598 1238 1639 snos.

165 1670 288 1738 thedra
312 1673 475 1739 Romana
496 1675 598 1739 annis
619 1674 755 1739 duobus
779 1683 815 1739 et
828 1674 949 1739 diebus
970 1683 1114 1759 septem.

165 1771 348 1838 Paridem
372 1781 510 1858 tempus
525 1773 712 1853 Arthurus,
738 1794 802 1839 rex
826 1774 1023 1853 Britonum,
1045 1777 1116 1842 col·

165 1872 255 1938 lecto
278 1875 435 1939 exercitu
460 1875 596 1957 grandi,
618 1876 739 1939 urbem
765 1873 1018 1953 Kaerlindcoit,
1035 1895 1114 1959 quar

87 2015 88 2018 κ
165 1992 257 2038 nunc
271 1973 454 2038 Lincolnia
468 1973 605 2052 dicitur,
627 1974 762 2058 petivit,
778 1974 837 2039 ubi
852 1974 1003 2040 inventis
1025 1975 1114 2041 Sax-

166 2073 290 2137 onibus
314 2073 507 2139 inauditam
532 2095 579 2138 ex
604 2075 655 2139 eis
678 2082 831 2156 stragem
859 2074 963 2155 secit;
981 2076 1113 2141 cecide-

166 2181 246 2238 runt
261 2192 410 2257 namque
426 2194 472 2239 ex
487 2174 557 2238 illis
572 2194 643 2239 una
659 2173 715 2239 die
730 2193 793 2239 sex
802 2174 912 2239 millia
926 2174 1115 2254 bominum,

166 2273 225 2355 qni
242 2275 369 2356 partim
385 2274 585 2338 fluminibus
601 2274 781 2351 submersi,
797 2275 923 2357 partim
939 2275 1018 2341 telis
1036 2297 1115 2359 per-

168 2372 283 2451 forati,
299 2375 426 2458 partim
447 2375 484 2439 in
507 2373 672 2457 fugiendo
690 2375 866 2452 trucidati,
882 2375 990 2439 vitam
1011 2377 1114 2442 mise-

166 2474 323 2538 rabiliter
344 2474 518 2539 finierunt.
569 2471 746 2539 Artbnrus
764 2494 847 2539 vero
868 2474 1040 2557 fugientes
1061 2477 1115 2541 in-

166 2582 307 2639 secutus
322 2594 390 2640 non
405 2573 568 2652 cessavit,
583 2574 692 2639 donec
714 2574 759 2639 ad
783 2594 903 2639 nemus
916 2568 1114 2640 ⁴Colidonis
1125 2592 1228 2684 &affigas

167 2682 412 2757 pervenerunt,
429 2675 545 2758 ibique
561 2693 607 2739 ex
621 2673 706 2756 fuga
731 2673 943 2739 confluentes
957 2673 1114 2741 Arthnro
1125 2695 1192 2735 m.

167 2775 327 2839 resistere
351 2773 469 2839 conati
493 2782 587 2852 sunt,
604 2793 681 2838 sese
704 2773 850 2840 viriliter
871 2775 1112 2858 defendentem

166 2875 259 2956 quod
276 2871 453 2939 Arthurus
469 2873 620 2951 intuens,
633 2873 740 2958 jussit
755 2875 895 2939 arbores
920 2875 1013 2940 circa
1034 2896 1115 2959 par·

166 2981 237 3039 tem
263 2975 360 3040 illam
388 2973 538 3039 nemoris
558 2974 675 3050 incidi,
697 2981 733 3038 et
755 2980 897 3039 truncos
918 2975 970 3039 ita
991 2976 1027 3040 in
1048 2977 1114 3040 cir·

166 3075 261 3139 cuitu
284 3073 405 3151 locari,
430 3082 469 3139 ut
494 3093 654 3156 egressus
676 3073 727 3137 cis
748 3073 886 3158 penitus
909 3084 1113 3157 nogaretum

167 3174 309 3240 volebat
337 3193 487 3258 namque
515 3193 575 3239 eos
604 3174 729 3238 ibidem
758 3182 830 3239 tam
857 3175 916 3239 diu
945 3176 1114 3254 obsidere,

166 3274 275 3340 donec
289 3294 408 3339 omnes
425 3273 541 3339 inedia
553 3273 743 3339 interirent.
794 3273 846 3338 At
860 3274 1030 3353 Saxones,
1044 3296 1114 3360 quo

167 3382 389 3440 vescerentur
422 3393 492 3439 non
520 3375 700 3452 habentes,
736 3393 777 3439 oo
806 3383 911 3458 pacto
939 3377 1114 3458 petierunt

166 3493 344 3556 egressum
374 3481 415 3539 nt
447 3476 571 3540 saltem
600 3474 702 3538 nudis
732 3475 935 3557 corporibus
969 3474 1115 3540 Germa·

167 3575 260 3638 niam
283 3582 400 3659 petere
429 3575 636 3639 sinerentur.
682 3574 781 3639 Tunc
807 3574 995 3653 Arthurus,
1020 3596 1115 3659 quae-
1177 3578 1183 3586 '

202 3794 301 3848 ¹Porta
317 3797 460 3864 Homeris]
475 3798 629 3862 Soutbamp·
653 3800 699 3849 ber
709 3813 738 3846 or
748 3798 893 3848 November
899 3798 928 3848 oi
932 3800 975 3849 the
986 3815 1048 3862 year
1059 3806 1116 3853 ³³2.

165 3873 217 3920 ton.
688 3865 853 3932 wamma]
859 3884 888 3918 or
896 3870 995 3919 Cateoit
1001 3871 1118 3934 Celidon,

201 3936 353 4002 ’Bt-igue]
364 3937 481 4001 sigebert
491 3937 630 4001 placesher
653 3937 696 3988 tbe
712 3939 816 3988 aeventh
831 3939 920 4002 battle,
937 3942 1071 4004 according
1090 3947 1118 3992 to

122 4023 127 4032 ·
166 4010 244 4060 death
255 4010 281 4058 in
292 4009 443 4070 ⁵18,esitis
454 4009 630 4071 alsoreported
655 4008 789 4057 Nennius:
812 4009 940 4070 supposed
965 4011 999 4072 by
1020 4012 1119 4062 Umber

168 4082 195 4130 in
206 4080 251 4129 her
261 4079 315 4141 life,
331 4078 474 4142 eappan,
490 4079 556 4128 Nor.
567 4079 630 4141 Leg.
654 4082 681 4127 to
691 4078 755 4128 bare
766 4080 830 4128 been
841 4094 903 4128 nem
910 4080 952 4129 the
963 4083 1015 4141 city
1021 4080 1050 4129 of
1058 4082 1119 4129 Lin-

167 4150 211 4200 iol.
223 4150 305 4199 xlviii.
316 4150 343 4199 b.
656 4149 729 4204 coln;
747 4149 780 4210 by
795 4149 881 4210 Certe,
896 4151 922 4198 in
938 4150 1118 4200 cumberland.

200 4218 385 4285 'But‘wiass
397 4219 439 4270 He
448 4218 509 4269 died
521 4218 546 4267 in
555 4217 632 4269 Octo·
656 4218 705 4269 See
718 4218 843 4282 Nmmus,
854 4221 868 4284 ς
879 4224 920 4270 56.
