2888 4852
361 388 426 454 104
612 401 746 452 noouru
770 403 817 449 nr,
839 397 1045 448 wuunovnn

363 571 487 628 contra
500 562 688 629 Britannos
702 560 958 637 commissurus,
969 577 1046 623 cnm
1057 557 1188 621 videret
1196 573 1311 619 secer·

365 664 464 729 dotes
479 683 610 740 eorum,
624 662 684 746 qui
698 661 742 724 ad
760 659 972 725 exorandum
992 659 1105 722 Deum
1122 676 1186 739 pro
1202 655 1312 722 milite

364 763 492 827 bellum
517 769 641 845 egente
668 767 912 836 convenerant,
937 778 1092 823 seorsum
1119 758 1157 822 in
1184 758 1312 822 tutiore

252 938 257 949 ¹
364 862 442 927 loco
465 863 665 938 consistere,
687 860 930 925 sciscitabatur
954 858 1015 943 qui
1043 866 1160 923 essent
1183 857 1311 940 quidve

366 963 477 1028 acturi
506 962 566 1026 illo
599 960 851 1026 convenissent.
908 958 1019 1022 Erunt
1051 958 1144 1021 enim
1175 956 1315 1039 plurimi

366 1081 484 1126 eorum
504 1061 547 1125 de
568 1059 777 1124 monasterio
796 1059 949 1141 Bangor,
966 1058 1002 1121 in
1023 1077 1092 1141 qno
1109 1064 1229 1121 tantus
1243 1055 1313 1121 fer·

367 1169 426 1226 tur
439 1162 546 1225 fnisse
559 1160 803 1224 monachornm
818 1178 993 1236 numerus,
1011 1165 1061 1237 ut,
1076 1176 1154 1221 cum
1174 1157 1211 1220 in
1234 1175 1313 1240 sep·

367 1269 438 1325 tem
461 1268 576 1324 essent
595 1261 771 1342 portiones
793 1277 871 1322 cum
888 1259 960 1322 suis
985 1257 1176 1321 rectoribus
1199 1256 1314 1335 divisi,

368 1360 464 1424 nulla
480 1360 592 1422 minus
607 1378 712 1442 quam
734 1365 908 1422 trecentos
927 1357 1107 1439 religiosos
1127 1356 1315 1421 monachos

368 1459 579 1524 continebat.
618 1455 754 1522 Horum
771 1465 887 1522 entem
901 1457 1051 1540 plurimi,
1060 1456 1222 1521 triduano
1236 1476 1314 1539 pcr-

370 1567 449 1643 ncto
460 1559 607 1643 jejunio,
621 1578 698 1622 cum
714 1557 792 1621 aliis
808 1557 928 1621 orandi
943 1558 1057 1639 gretia
1071 1565 1316 1635 convenerunt,

369 1658 534 1723 hebentes
547 1657 760 1722 defensorem
779 1650 1076 1734 ¹Brochimailnm‚
1089 1657 1149 1739 qui
1161 1675 1221 1720 eos
1237 1676 1315 1738 pre-

370 1759 467 1823 cibus
491 1759 642 1823 intentos
666 1778 688 1821 a
712 1757 836 1841 gladiis
859 1764 1057 1839 protegeret
1078 1757 1315 1820 barbarorum.

371 1856 528 1936 Quorum
547 1858 715 1922 adventus
737 1877 877 1921 causam
895 1876 972 1920 cum
985 1855 1215 1926 intellexisset
1229 1854 1316 1920 Eth-

371 1957 512 2021 elfridus
540 1964 721 2040 tyrannus,
738 1958 799 2035 eit,
821 1955 889 2021 ‘Et
913 1957 944 2020 si
967 1957 1024 2020 isti
1048 1956 1229 2020 adversum
1252 1976 1317 2021 nos

371 2057 484 2122 Deum
515 2076 616 2119 suum
640 2057 816 2134 invocent,
840 2056 1008 2139 prolecto,
1030 2057 1190 2140 quamvis
1219 2074 1317 2120 orme

372 2176 442 2220 non
470 2155 595 2233 ferent,
622 2164 744 2219 contre
775 2176 839 2220 nos
868 2166 1038 2239 pugnent,
1070 2156 1130 2239 qui
1162 2155 1318 2220 adversis

372 2254 674 2338 imprecationibus
700 2256 771 2318 suis
800 2264 1054 2339 persequuntur
1064 2250 1085 2336 ς’
1117 2257 1168 2319 its
1194 2257 1230 2319 in
1252 2256 1317 2320 hos

371 2355 518 2437 primum
544 2373 641 2418 arma
666 2363 799 2419 vertere
820 2356 934 2439 jubet,
955 2365 990 2420 et
1013 2357 1062 2420 sic
1090 2363 1234 2419 coeteras
1256 2376 1318 2419 ne·

372 2453 484 2518 landae
498 2454 630 2518 militiae
647 2455 776 2536 copies,
791 2474 860 2519 non
874 2456 948 2519 sine
963 2454 1136 2519 exercitus
1153 2457 1207 2519 sni
1223 2456 1320 2520 dem·

372 2573 429 2630 no,
445 2553 584 2618 delevit.
636 2553 821 2619 Extinctos
842 2562 959 2618 eutem
984 2555 1020 2619 in
1047 2554 1108 2618 illa
1134 2575 1252 2638 pugne
1269 2555 1319 2619 fe·

372 2660 464 2731 runt,
484 2672 530 2716 ox
547 2653 600 2716 his
615 2654 676 2736 qui
696 2654 740 2717 ad
764 2654 931 2718 orandum
948 2662 1127 2733 venerunt,
1142 2656 1236 2720 viros
1253 2656 1320 2720 cir·

372 2753 458 2816 citer
475 2752 568 2816 mille
588 2753 767 2830 ducentos,
789 2760 823 2816 et
837 2753 1051 2817 solummodo
1067 2756 1322 2838 quinquaginta

373 2851 457 2934 fuga
471 2852 619 2935 elapsos.
672 2852 925 2917 Brochimailus
941 2873 1078 2936 qnoque
1103 2854 1147 2918 ad
1172 2856 1322 2938 primurn

372 2950 521 3016 hostium
547 2952 735 3016 adventum
756 2971 834 3015 cum
861 2953 933 3016 suis
959 2961 1058 3035 terga
1073 2962 1222 3032 vertens,
1247 2976 1320 3033 cos,

374 3069 461 3132 quos
478 3051 659 3115 defendere
681 3052 858 3131 debuerat,
878 3053 1025 3116 inermes
1047 3072 1089 3116 ac
1111 3053 1221 3118 nudos
1243 3054 1321 3137 gla-

375 3148 440 3213 diis
464 3151 664 3215 serientibus
691 3151 840 3234 reliquit.
891 3151 1016 3236 Sicque
1037 3154 1244 3236 completum
1267 3163 1321 3219 est

373 3249 582 3332 praesagium
599 3251 691 3314 beati
708 3250 882 3333 pontificis
896 3245 1115 3336 ²Augustini.

432 3397 474 3460 Ul
489 3407 611 3462 ememus
621 3401 815 3483 Aoqootioos
829 3400 988 3466 ordinauit
1000 3403 1126 3468 Juoun
1135 3402 1277 3490 primm

666 3499 833 3580 Bofferceom
847 3501 1026 3587 episcopum.

209 3618 334 3707 &gi-32⁴5„
423 3620 528 3686 Anno
539 3623 662 3704 gratioe
674 3617 919 3689 ncrv.⁸beetns
928 3623 1160 3708 Augustinus,
1169 3626 1323 3693 donanto

210 3717 325 3758 orsu-tm.
370 3733 1322 3831 mi

373 3850 402 3885 or
413 3834 540 3884 Brocwell
552 3848 560 3895 ;
577 3835 632 3884 said
649 3837 683 3897 by
694 3836 737 3886 the
748 3836 836 3886 Welsh
862 3842 991 3899 perpetuae
1003 3839 1093 3888 salutis
1104 3841 1210 3889 oonsilio
1220 3854 1322 3902 spreve-

373 3904 524 3953 euthorities
540 3909 565 3952 to
581 3904 645 3954 heve
664 3907 729 3954 been
748 3922 794 3955 one
811 3906 839 3954 os
860 3908 935 3956 ront'

372 3974 415 4023 the
434 3974 606 4023 commandere
629 3974 658 4023 of
676 3975 718 4025 the
739 3976 835 4025 British
895 3975 906 4007 ⁸
929 3977 1022 4026 Beatus
1050 3977 1235 4042 dugunnun]
1267 3980 1322 4030 'l'lrc

372 4058 453 4105 army.
491 4044 705 4106 Bed.§9l,note.
860 4045 1006 4096 foundation
1028 4047 1058 4096 os
1075 4048 1126 4096 this
1143 4048 1247 4109 chureh,
1271 4051 1323 4099 ond

407 4110 418 4142 ¹
430 4114 589 4177 Augustini]
605 4115 659 4163 The
673 4115 800 4177 prophecy
813 4116 835 4163 is
860 4116 892 4164 its
909 4117 1074 4179 sodomorum,
1086 4133 1128 4166 ere
1146 4119 1180 4179 by
1192 4118 1265 4167 Beda
1281 4126 1322 4169 ot·

372 4184 432 4232 thus
459 4184 593 4233 continued
623 4187 657 4246 by
680 4185 761 4243 Beda,
788 4187 835 4233 ‘ut
860 4187 969 4236 tributed
988 4187 1094 4249 directly
1110 4187 1321 4240 tonedelberlt.

371 4254 447 4302 ellam
459 4254 603 4314 temporalis
615 4254 732 4304 interitus
739 4254 833 4304 ultione
859 4257 928 4317 §otu
