2888 4852
417 429 556 478 rnonns
580 428 848 478 nrsroaraaurr.
876 467 881 477 ,
1034 411 1100 477 209

147 583 226 649 inde
250 587 469 652 sublevatum
492 608 553 670 per
575 589 652 652 loca
677 589 878 670 asperrima,
899 587 1101 651 dilaceratis

147 682 218 747 lere
233 687 461 751 membrorum
486 689 712 771 compagibus
736 687 889 751 trabunt.
940 685 1097 750 Tandem

148 785 327 867 paulisper
343 806 421 849 eum
444 787 584 864 sistunt,
602 788 823 870 imperantes,
840 794 881 850 ut
893 787 937 849 ab
953 787 1014 850 illa
1035 785 1097 850 ha-

148 882 315 947 bitatione
347 885 513 962 discedat,
543 894 580 950 at
605 887 663 949 ille
686 887 875 968 respondit,
902 884 1095 949 ‘Dominus

147 986 177 1043 a‘
192 981 325 1047 dextris
349 983 518 1061 estmibi,
542 1004 584 1048 ne
606 985 855 1063 commovear;’
887 985 1011 1048 iterum
1034 984 1095 1048 ad-

147 1091 322 1146 sumentes
350 1102 440 1160 eum,
463 1083 609 1164 flagellis
638 1083 745 1147 veluti
768 1083 886 1147 ferreis
914 1085 1095 1148 verberare

147 1190 340 1261 coepernnt,
356 1184 640 1265 verberatumque
663 1201 704 1246 ac
726 1184 906 1247 tormentis
928 1183 1094 1265 multipli-

147 1279 233 1342 citer
248 1280 411 1345 afflictum
428 1282 622 1345 subvehunt
644 1282 680 1344 in
702 1301 828 1357 aerem,
844 1281 903 1344 ubi
917 1301 962 1343 ex
978 1283 1094 1345 multi-

148 1378 267 1441 tudiue
284 1381 466 1462 spirituum
485 1380 735 1443 immundorum
755 1380 877 1443 caelum
901 1379 1094 1460 nigrescere

147 1476 340 1555 videbatur,
378 1480 437 1561 qui
471 1479 571 1542 simul
610 1479 723 1562 juncti
761 1478 927 1542 famulum
964 1478 1094 1544 christi

147 1575 191 1638 all
214 1579 336 1641 tartari
352 1577 469 1641 lauces
491 1598 602 1661 usque
624 1577 827 1659 perducunt.
881 1578 946 1640 Ille
970 1577 1094 1641 inferni

148 1684 319 1740 tormenta
333 1679 553 1759 perspiciens,
571 1696 694 1760 poenas
716 1696 847 1753 omnes,
863 1696 951 1758 quas
968 1696 1093 1759 passus

147 1773 271 1852 fuerat,
302 1777 430 1840 oblitus
461 1784 526 1853 est,
555 1796 599 1840 ex
622 1776 879 1857 comparatione
911 1775 1091 1858 majorum.

146 1872 245 1937 Tunc
272 1876 440 1958 incipiunt
466 1883 587 1939 sancto
608 1875 775 1938 insultare
797 1874 962 1950 dicentes,
979 1880 988 1908 ‘
1003 1875 1093 1939 Ecce

146 1981 352 2054 potestatem
372 1974 537 2038 babemus
565 1982 600 2038 te
618 1974 799 2037 detrudere
822 1974 857 2035 in
881 1972 944 2036 bas
961 1993 1093 2055 poenas,

147 2080 183 2136 ut
205 2072 260 2136 hic
275 2094 337 2155 pro
360 2073 511 2156 peccatis
533 2074 603 2137 tuis
625 2080 792 2156 perpetuo
809 2069 985 2154 puniaris?
1035 2071 1093 2136 Ad

146 2191 233 2252 quos
248 2172 306 2235 ille
328 2173 377 2236 sic
400 2174 462 2248 ait,
477 2172 565 2236 ‘Vae
583 2173 693 2248 vobiS,
715 2172 776 2234 filii
799 2172 1038 2249 tenebrarum
1062 2173 1094 2235 si

147 2269 234 2334 banc
257 2270 391 2335 habetis
407 2279 626 2354 potestatem,
643 2270 725 2353 quid
749 2269 971 2333 moramiuil'
1016 2269 1094 2334 Illis

147 2377 262 2432 autem
276 2371 383 2434 veluti
400 2370 443 2434 ad
462 2370 527 2434 hoc
540 2391 577 2433 se
593 2370 881 2453 praeparantibus,
896 2387 975 2432 ecce
993 2387 1094 2434 sanc·

146 2474 203 2530 tus
228 2469 504 2533 Bartholomaeus
531 2488 608 2532 cum
635 2468 801 2532 immenso
828 2468 1012 2549 splendore
1037 2488 1093 2531 sn-

146 2568 316 2647 pervcnit,
332 2569 546 2650 imperatque
569 2567 794 2643 daemonibus,
809 2575 848 2631 nt
862 2567 930 2631 Dei
955 2587 1093 2631 servum

149 2664 351 2730 habitationi
380 2686 453 2730 suae
475 2668 715 2730 incunctanter
741 2667 948 2744 restituant3
981 2673 1018 2729 at
1044 2666 1094 2730 illi

147 2773 357 2847 praeceptum
384 2766 545 2848 apostoli,
566 2765 658 2828 dicto
682 2763 797 2841 citius,
823 2765 1093 2847 compleverunt.

148 2863 242 2926 Dum
257 2885 340 2928 vero
357 2866 391 2928 in
413 2884 492 2928 aere
510 2871 718 2946 portaretur,
734 2883 802 2926 vox
819 2865 919 2944 quasi
945 2864 1094 2946 psallen-

148 2963 233 3025 tium
256 2972 310 3028 est
333 2964 462 3040 audita,
486 2964 614 3026 ‘Ibunt
637 2962 747 3027 sancti
766 2962 808 3026 de
824 2963 951 3026 virtute
974 2963 1009 3025 iu
1025 2963 1095 3026 vir·
1218 3024 1220 3028 Α

149 3069 270 3139 tutem,
292 3063 463 3127 videbitur
480 3063 576 3125 Deus
594 3061 746 3125 Deorum
763 3061 799 3123 in
817 3061 935 3143 Syon.'

199 3161 357 3244 Contigit
378 3164 413 3225 in
431 3163 552 3226 diebus
570 3160 740 3237 Ceolredi,
763 3160 854 3241 regis
872 3160 1093 3237 Merciorum,

149 3268 302 3342 tempore
313 3261 491 3343 gallicinii,
508 3259 600 3343 quod
615 3262 716 3323 beato
726 3258 901 3323 Guthlaco
911 3260 1023 3323 visum
1039 3267 1094 3323 est

149 3378 187 3422 se
200 3359 297 3442 vulgi
321 3361 564 3424 tumultuantis
589 3359 707 3423 audire
730 3360 918 3437 clamores3
942 3367 1024 3423 tunc
1040 3357 1095 3422 vir

150 3458 216 3522 Dei
239 3459 360 3523 cellam
384 3479 556 3542 egressus,
575 3448 700 3540 vulg'us
725 3458 926 3521 Britannice
947 3457 1094 3541 loquens

149 3557 249 3622 tectis
263 3560 442 3641 cognoscit
455 3558 630 3632 accedere,
644 3557 830 3639 statimque
844 3556 982 3619 domum
996 3575 1094 3620 suam

150 3656 245 3720 videt
277 3658 407 3736 ardere,
437 3677 584 3740 cumque
609 3664 701 3720 tecto
734 3656 917 3719 subvenire
941 3654 1095 3731 festinat,

149 3755 289 3819 lacertis
322 3757 551 3839 intercipitur,
585 3763 620 3819 et
657 3755 693 3817 in
732 3774 843 3818 aerem
881 3754 1094 3818 sublevatur.

149 3853 307 3917 Tandem
331 3853 441 3919 bostis
466 3855 609 3917 insidias
638 3872 714 3917 esse
741 3850 967 3934 comperiens,
989 3852 1097 3934 coepit

149 3952 241 4017 hunc
270 3954 395 4037 psalmi
421 3953 625 4018 versiculum
655 3952 851 4027 decantare,
882 3952 910 4033 [‘
925 3951 1096 4015 Dominus

147 4052 231 4115 mihi
269 4051 407 4135 adjutor
451 4039 517 4129 est,
547 4059 582 4116 et
613 4070 679 4132 ego
718 4051 904 4133 despiciam
937 4051 1095 4114 inimicos

149 4152 283 4232 meos.¹]
335 4151 416 4216 Alio
433 4170 586 4239 ‚quoque
618 4159 771 4231 ternpore
801 4149 1015 4213 orationibus
1047 4149 1097 4211 in·

201 4292 279 4339 vob.
298 4292 323 4340 1.
927 4289 945 4333 Ρ
