2888 4852
436 428 576 477 riorus
600 428 869 479 ursronrnnun.
1059 411 1124 477 123

173 588 327 669 loquium
362 587 478 670 augeb
513 588 619 652 fuisse
651 596 825 666 vocatum,
859 588 1044 672 prohibens
1081 607 1124 650 ne
1138 602 1258 693 31:333

173 686 252 770 quis
280 707 359 751 eum
391 698 605 771 sequeretur,
627 709 671 754 ne
696 689 785 754 sorte
808 690 940 754 visione
966 687 1124 770 angelica
1249 681 1254 691 ’

176 789 368 853 moriretur.
433 789 499 853 Ille
526 797 642 854 autem
674 789 849 853 cumulum
878 790 960 865 fimi,
993 809 1036 852 ne
1067 802 1257 851 ca-uudeoh·

175 887 288 953 dendo
303 889 496 967 iaederetur,
514 891 702 954 ascendens
725 891 819 954 illico
833 890 963 953 corruit
976 890 1012 951 in
1029 908 1124 952 acer·

175 1008 270 1066 vum,
301 996 337 1053 et
369 990 436 1053 huc
463 997 570 1072 atque
599 990 682 1055 illuc
716 991 940 1054 volutabatur
976 988 1126 1052 stridens

176 1089 337 1153 dentibus
371 1097 407 1154 et
439 1110 628 1173 spumans3
661 1091 753 1173 quod
786 1091 906 1155 videns
941 1088 1126 1152 multitudo

176 1208 358 1272 porcorum
382 1209 460 1272 quar
484 1190 607 1255 aderat
628 1210 836 1255 concurrens
866 1190 1031 1270 illumque
1056 1188 1126 1251 dia-

176 1309 320 1372 cerpens
344 1289 537 1355 suffocavit.
591 1290 692 1354 Uxor
713 1297 879 1354 autumet
898 1289 1029 1352 familia
1051 1288 1127 1371 ejus

178 1388 358 1454 audientes
384 1389 585 1454 tumultum*
599 1409 780 1472 porcorum
798 1391 969 1466 exierunt,
993 1395 1028 1452 et
1051 1407 1127 1451 cor·

179 1507 245 1571 pus
273 1488 403 1552 domini
427 1490 481 1552 sui
507 1491 542 1553 in
565 1490 717 1553 maxima
743 1497 841 1573 parte
869 1510 889 1552 a
916 1490 1029 1572 porcis
1052 1508 1127 1553 cor·

180 1607 294 1652 rosum
330 1589 559 1668 invenerunt3
593 1597 818 1654 veruntamen
852 1589 1016 1671 reliquias
1048 1608 1127 1670 por-

179 1708 297 1754 corum
321 1689 524 1770 colligentes
556 1689 591 1753 iu
622 1689 745 1753 locello
774 1709 879 1753 aureo
902 1696 937 1753 et
960 1684 1128 1770 'argenteo

179 1787 369 1853 fabrefacto
392 1789 579 1853 honorifice
608 1798 808 1872 posuerunt,
831 1796 1012 1853 narrantes
1035 1789 1126 1871 quod

179 1888 296 1970 augeli
328 1888 395 1953 Dei
425 1890 487 1954 vix
517 1909 642 1973 corpus
676 1891 713 1954 in
749 1897 842 1954 terra
882 1889 1128 1970 relinquentes

180 1991 331 2053 animam
365 1989 562 2054 caelestibus
596 1989 727 2054 deliciis
760 2011 837 2053 cum
874 1990 1001 2070 gaudio
1036 1989 1128 2051 intu-

181 2090 306 2154 lerunt.
364 2091 496 2155 Docuit
521 2097 691 2173 praeterea
721 2091 813 2173 quod
845 2090 893 2167 hi,
921 2089 982 2172 qui
1016 2089 1128 2152 inimi·

182 2209 240 2253 cos
264 2190 427 2255 occidunt
452 2191 506 2254 vel
538 2191 582 2253 ab
610 2190 758 2254 inimicis
785 2191 1000 2266 occiduntur,
1026 2208 1127 2271 para·

131 2353 134 2357 .
182 2289 293 2353 disum
319 2290 569 2372 ingrediantur,
596 2297 631 2353 et
650 2290 697 2353 ibi
725 2309 800 2353 esse
828 2289 977 2353 carnalis
1000 2288 1067 2351 cibi
1093 2296 1128 2352 et

181 2398 285 2474 potus
309 2390 543 2467 resectionem,
563 2390 678 2472 ibique
703 2390 852 2453 existere
877 2389 1019 2452 fluvium
1042 2389 1126 2464 vini,

181 2491 281 2555 iactis
307 2498 343 2555 et
358 2490 480 2566 meliiS,
495 2498 531 2553 et
545 2490 823 2555 commixtionem
848 2490 1027 2552 muliorum
1051 2507 1126 2551 car·

181 2591 294 2656 nalem
312 2610 382 2654 non
395 2590 618 2673 praesentium
632 2591 693 2654 sed
707 2590 865 2667 aharum,
880 2608 1014 2653 omnem
1031 2587 1128 2651 afflu-

180 2698 294 2756 entem
310 2691 535 2774 voiuptatem.
589 2691 718 2754 Hicin
743 2710 851 2771 regno
877 2689 1128 2753 Saracenorum

180 2799 331 2874 quatuor
346 2799 511 2876 praetores
525 2792 658 2866 statuit,
676 2809 764 2872 quos
774 2784 1010 2853 ¹Admirallios
1024 2807 1128 2852 voca·

180 2893 242 2968 vit,
259 2893 411 2974 seipsum
430 2890 733 2973 Protosymboium
749 2889 916 2972 appellari
933 2888 1026 2952 fecit.
1062 2887 1127 2951 Eo·

180 2991 255 3056 dem
276 3011 368 3056 anno
380 2986 591 3067 ²Honorius,
605 3009 698 3072 papa
714 2991 953 3071 sexagesimus
971 2996 1128 3065 octavus,
1142 2997 1248 3038 Honorius
1259 2998 1275 3037 1-

180 3092 269 3156 sedit
291 3092 326 3155 in
342 3091 507 3156 cathedra
524 3090 686 3155 Romana
701 3089 801 3153 annis
823 3089 1015 3165 duodecim,
1032 3108 1127 3151 men·
1140 3060 1199 3098 W

183 3193 277 3256 sibus
302 3192 472 3269 undecim,
494 3191 615 3256 diebus
644 3190 889 3272 septendecim,
917 3197 952 3252 et
978 3189 1128 3252 cessavit

181 3292 278 3356 sedes
295 3293 469 3357 mensibus
484 3298 615 3373 septem
630 3297 665 3354 et
680 3291 800 3354 diebus
815 3289 1015 3354 octodecim.

217 3391 322 3457 Anno
331 3394 454 3475 gratiae
465 3385 787 3456 ocxxrn.³snnctus
799 3388 1129 3465 Romanus,Rotho·
1142 3395 1196 3435 ¹21³·
1206 3396 1251 3434 ⁶²³·

1143 3447 1253 3486 Romanus

181 3493 355 3575 magensis
378 3492 670 3574 archiepiscopus,
686 3491 872 3555 sanctitate
891 3496 925 3553 et
943 3489 1128 3552 virtutibus
1142 3497 1266 3546 ²tenuior

1142 3549 1165 3587 oi
1172 3547 1255 3586 Rouen.

218 3744 413 3807 Mamuda]
426 3742 565 3806 ‘Amiraei,'
576 3742 647 3804 Sige·
706 3738 834 3790 ³Sanctus
852 3733 998 3806 humanm]
1020 3737 1070 3786 His
1087 3735 1130 3784 iiie

180 3821 242 3870 bert.
670 3826 725 3860 was
735 3811 871 3873 published
879 3809 942 3858 from
953 3823 986 3856 an
997 3809 1067 3868 early
1079 3821 1132 3854 ma·

217 3887 229 3920 ²
251 3884 378 3937 Honorino
397 3884 493 3947 papa]
530 3883 646 3944 Sigebert
670 3883 784 3943 nuncript
811 3882 845 3941 by
872 3879 986 3939 iiigault,
1010 3879 1036 3926 in
1060 3881 1131 3925 1669.

185 3959 336 4021 simpiaco
346 3955 388 4004 the
399 3959 609 4003 commencement
620 3953 649 4001 os
672 3953 713 4001 He
742 3951 801 3999 held
824 3949 866 3998 the
891 3948 1079 4009 archbishopric
1106 3945 1135 3994 os

187 4027 446 4087 Honorius'apupucy
462 4025 488 4072 iu
505 4024 644 4084 tbiryear;
672 4023 759 4071 Rouen
783 4023 841 4069 nine
857 4035 940 4082 years,
957 4019 1018 4066 from
1041 4021 1090 4065 626
1106 4020 1132 4064 to

185 4103 230 4149 but
248 4100 315 4160 Pagi
332 4096 381 4145 and
401 4096 488 4143 Menai
505 4095 569 4143 have
587 4093 644 4143 both
670 4098 727 4154 666,
751 4094 776 4141 in
799 4092 841 4140 the
863 4091 973 4140 October
1001 4088 1030 4135 os
1048 4086 1133 4135 which

184 4172 271 4220 shown
283 4168 337 4217 that
351 4166 383 4215 be
394 4180 449 4214 was
467 4169 510 4213 not
524 4164 645 4213 ordained
670 4178 731 4224 year
747 4163 777 4212 he
794 4162 863 4211 died.
887 4162 935 4209 See
952 4158 1087 4217 ieCoiute,
1105 4156 1132 4206 ii.

186 4241 249 4291 until
259 4236 372 4287 nemin
385 4236 444 4286 Oct.
456 4241 513 4285 ⁰25.
670 4250 695 4295 p.
708 4237 765 4283 776.
