2888 4852
410 434 550 482 nnonns
574 431 842 480 nrsronmnuu.
1037 415 1099 480 441

152 595 255 671 pacto
272 589 530 670 persolvissent,
541 596 586 652 ut
604 587 699 652 Dani
716 608 834 652 omnes
852 586 914 669 qui
935 590 972 652 in
995 608 1102 671 regno

151 697 250 752 erant
282 690 461 771 pacificam
494 689 661 752 haberent
701 707 780 750 cum
813 687 938 768 Anglis
973 689 1102 771 ubique

151 786 453 866 cohabitationem,
476 795 511 852 et
535 795 627 852 esset
652 788 833 868 utriusque
859 787 979 869 popnli
1002 789 1102 870 quasi

151 906 211 950 cor
232 907 338 951 unum
362 896 397 952 et
419 889 537 951 anima
558 905 639 951 uua.
693 885 774 949 Hac
790 905 928 968 quoque
951 906 1102 951 conven-

153 986 247 1049 tione
280 989 463 1069 utrobique
494 987 669 1050 0hsidibns
703 985 906 1049 confirmata
936 993 972 1049 et
1003 987 1102 1070 jura-

156 1087 293 1162 mentis,
326 1106 388 1150 rex
417 1087 597 1150 Danorum
630 1084 767 1148 Suanus
796 1104 955 1150 reversus
983 1094 1037 1150 est
1067 1087 1103 1149 iu

155 1191 281 1248 terram
300 1205 410 1262 suam,
426 1192 461 1249 et
478 1186 527 1249 sic
545 1185 657 1249 rabies
677 1185 926 1266 persecutionis
948 1186 1104 1267 aliquan-v

153 1283 212 1346 diu
230 1285 422 1367 respiravit.

178 1457 227 1522 De
241 1456 348 1522 chorea
362 1458 497 1544 quodam
513 1459 653 1543 offenda
663 1481 724 1545 per
740 1458 973 1525 inobedientiam
977 1459 1083 1543 saeta.

205 1583 310 1647 Auno
323 1584 465 1647 Domini
480 1600 578 1648 mxu.
592 1576 686 1648 ¹cum
701 1586 738 1648 in
751 1584 835 1649 villa
849 1583 999 1667 quadam
1014 1583 1104 1647 Sax·
1118 1601 1172 1642 nn.
1184 1602 1239 1691 'sm'

157 1683 245 1746 oniae
261 1683 398 1747 nomino
414 1681 577 1761 Colewic,
595 1684 630 1746 in
650 1704 720 1765 qua
741 1691 796 1747 est
817 1684 964 1747 ecclesia
983 1683 1105 1764 Magni
1117 1653 1187 1702 μω
1199 1678 1208 1767 J

155 1784 331 1865 martyris,
344 1783 380 1846 in
398 1783 519 1864 vigilia
527 1783 720 1847 Dominicae
732 1782 927 1847 nativitatis
941 1782 1106 1864 parochia

156 1883 385 1958 convenisset,
402 1889 442 1945 ut
457 1883 631 1964 ohsequiis
655 1883 838 1946 interesset
854 1881 991 1958 divinis,
1009 1900 1105 1963 pres·

155 1982 267 2065 hyter,
295 1982 433 2046 nomine
460 1981 648 2059 Robertus,
671 1982 714 2045 de
739 2001 834 2045 more
858 1980 1003 2063 primam
1026 1981 1105 2044 mis·

157 2100 232 2143 sam
250 2080 437 2145 solenniter
454 2081 650 2160 inchoavit3
675 2089 710 2145 et
732 2100 811 2144 ecce
831 2078 1025 2162 quindecim
1040 2080 1107 2143 viri

157 2199 234 2243 cum
253 2181 362 2244 tribus
386 2180 536 2243 ioeminis
558 2181 594 2243 in
614 2180 804 2244 coemiterio
819 2179 963 2243 choreas
980 2179 1106 2242 ducen-

157 2288 222 2356 tes,
251 2287 286 2343 et
308 2279 481 2343 seculares
505 2279 695 2343 cantilenas
724 2285 990 2362 perstrepentes,
1012 2298 1108 2361 pres-

156 2381 315 2462 byterum
341 2378 427 2442 adeo
454 2379 699 2461 impediebant,
727 2386 767 2442 ut
791 2379 865 2461 ipse
891 2379 1104 2442 cantantium

156 2479 327 2543 tumultus
354 2479 444 2542 inter
472 2492 695 2543 sacrosancta
723 2479 907 2542 missarum
938 2476 1105 2542 solemnia

157 2578 261 2642 altius
283 2585 472 2643 resonaret.
524 2578 684 2659 Denique
700 2597 778 2641 curn
795 2597 817 2640 a
832 2577 987 2642 Roherto
1010 2584 1104 2659 pr'es-

156 2679 277 2761 bytero
300 2677 502 2741 mandatnm
532 2677 699 2741 haherent
729 2684 768 2740 ut
793 2683 956 2752 tacerent,
981 2683 1016 2740 et
1039 2675 1106 2758 ipsi

156 2778 257 2840 silere
285 2775 584 2857 contempsissent,
606 2778 816 2858 imprecatus
840 2782 894 2838 est
914 2775 1106 2857 presbyter,

156 2877 265 2939 iratus
291 2874 420 2950 diceus,
444 2873 627 2952 ‘Placeat,
648 2876 801 2956 iuquam,
822 2874 899 2938 Deo
924 2879 960 2938 et
985 2880 1107 2938 sancto

159 2975 303 3054 Magno,
330 2980 370 3036 nt
393 2974 443 3036 ita
469 2979 649 3037 cantantes
674 2974 905 3055 permaneatis
931 2973 1106 3054 usquead

158 3093 286 3137 annum
302 3070 501 3137 evolutum?
535 3071 629 3150 Quid
647 3075 756 3154 ergol
785 3071 905 3136 Verba
919 3072 1107 3136 sacerdotis

158 3172 293 3255 pondus
325 3172 411 3236 adeo
441 3172 649 3250 habueruut,
673 3180 713 3236 ut
738 3171 930 3249 Johannes,
954 3172 1106 3256 ejusdem

159 3273 350 3354 presbyteri
366 3271 469 3348 filius,
487 3290 638 3335 sororem
657 3290 755 3335 suam
772 3290 851 3334 cum
869 3271 947 3334 aliis
962 3278 1106 3335 cantau-

158 3380 228 3436 tem
250 3391 312 3453 per
328 3369 507 3435 brachium
530 3371 710 3453 arripiens,
728 3378 768 3435 ut
785 3389 860 3434 eam
878 3369 1106 3449 abstraheret,

158 3483 236 3536 cum
270 3470 427 3535 recedere
454 3491 523 3534 nou
553 3472 679 3553 potuit,
705 3469 883 3533 brachium
915 3489 936 3533 a
964 3490 1107 3554 corpore

161 3571 302 3648 evulsit,
316 3571 376 3634 sed
392 3569 472 3634 inde
486 3577 590 3650 gutta
606 3570 785 3651 sanguinis
803 3589 874 3633 non
891 3570 1013 3647 exivit,
1032 3571 1109 3652 ipsa

157 3671 275 3751 itaque
298 3689 359 3751 per
374 3677 486 3733 totum
501 3688 629 3733 anuum
653 3689 730 3732 cum
751 3670 886 3732 caeteris
906 3671 1109 3750 permansit,
1211 3720 1214 3725 >

159 3778 194 3832 et
219 3768 362 3832 choreas
390 3768 519 3832 ducens
549 3770 724 3849 cantavit3
750 3769 870 3850 pluvia
902 3787 1007 3851 super
1031 3769 1110 3832 illos

159 3888 227 3931 uon
255 3867 389 3944 cecidit,
416 3887 485 3932 nou
512 3868 634 3950 frigus,
661 3887 729 3932 non
757 3865 864 3944 calor,
891 3888 961 3931 non
989 3867 1111 3945 fames,

159 3987 229 4031 non
252 3967 340 4044 sitis,
369 3986 432 4029 nec
454 3966 623 4031 lassitudo
648 3968 726 4031 illos
758 3966 884 4042 affecit,
907 3966 1107 4031 indumenta

194 4140 203 4173 ¹
217 4145 279 4191 Cam
290 4143 317 4191 in
335 4143 393 4192 nilla
408 4143 532 4205 quodem]
549 4142 624 4193 Gom·
654 4143 822 4205 hlalmsbury,
833 4139 846 4207 §
859 4141 973 4204 liband
986 4142 1114 4204 Bromtou,

160 4229 220 4276 pare
239 4214 281 4263 the
298 4217 407 4264 account
424 4212 553 4275 following
563 4213 625 4262 with
652 4214 700 4263 eol.
712 4216 769 4262 891.
