2888 4852
446 432 585 482 enonas
609 434 878 483 nrsroarnnuu.
1093 418 1137 483 97

183 585 469 670 quadragesimus
485 592 665 674 septimus,
681 613 725 657 ex
740 613 810 676 quo
825 592 963 658 Horsus
986 601 1021 657 et
1036 593 1135 657 Hen-

183 685 297 766 gistus
321 688 445 754 iratres
470 700 639 756 venerunt
669 693 705 755 in
737 693 966 770 Britanniam,
991 702 1031 757 ut
1058 713 1134 758 eam

183 787 423 870 subjugarent,
439 783 582 855 ¹missus
607 800 659 856 est
683 811 804 857 servus
827 793 894 857 Dei
914 791 1132 875 Augustinus
1147 809 1296 853 umerus.

183 903 205 947 a
231 886 336 952 beato
364 909 457 973 papa
482 890 655 973 Gregorio
680 892 716 956 in
742 892 961 957 Britanniam
986 901 1026 957 ut
1051 894 1131 958 bar·
1144 861 1270 910 mm

184 984 276 1050 burm
300 991 398 1069 genti
420 988 615 1073 Anglorum
641 993 782 1056 verbum
809 992 875 1056 Dei
904 992 1129 1077 praedicaret3

182 1084 253 1167 qui,
270 1106 411 1170 pagana
433 1092 678 1173 superstitione
700 1093 837 1169 coeeati,
859 1099 970 1156 totam
987 1092 1132 1158 christi-

182 1185 349 1251 anitatem
377 1189 577 1254 deleverant
602 1191 637 1254 in
664 1190 726 1255 illa
750 1199 849 1274 parte
880 1191 1002 1256 insulae
1027 1213 1131 1276 quam

183 1282 367 1353 habebant.
401 1289 445 1353 In
460 1298 559 1372 parte
575 1310 658 1355 vero
676 1291 858 1355 Britonum
873 1290 985 1355 adhuc
1001 1291 1130 1357 Christi

183 1383 267 1448 iides
283 1388 437 1471 vigebat,
452 1410 544 1474 quas,
560 1409 652 1455 anno
674 1391 867 1455 Dominicae
883 1391 1130 1456 incarnationis

181 1475 387 1552 'centesimo
412 1490 699 1574 quinquagesimo
721 1492 869 1573 septimo
895 1489 1027 1568 habita,
1040 1511 1128 1554 nun-

182 1602 284 1665 quam
306 1587 479 1653 intereos
499 1590 636 1656 deiecit.
681 1590 746 1654 Est
768 1598 884 1654 autem
910 1590 953 1654 ad
980 1591 1129 1655 orienta-

182 1681 246 1747 lem
275 1685 411 1753 Cantiae
434 1689 574 1772 plagam
588 1689 766 1754 Thanetos
781 1690 908 1766 insula,
932 1690 968 1753 iu
989 1709 1060 1774 qua
1076 1691 1130 1754 vir

184 1782 249 1847 Dei
266 1784 488 1869 Augustinus
511 1797 546 1853 et
568 1791 653 1854 socii
672 1791 749 1874 ejus
767 1783 1037 1873 ³applicuerunt,
1053 1791 1129 1866 viri,

183 1890 220 1947 ot
248 1883 377 1964 ferunt,
406 1888 511 1953 ferme
540 1890 794 1973 quadraginta3
828 1898 864 1953 et
892 1889 1033 1953 mittens
1057 1882 1128 1953 ⁴iu-

181 1988 347 2067 terpretes
373 1987 417 2052 ad
441 2008 556 2073 regem
575 1987 829 2066 Athelbertum‚
851 1988 1031 2053 mandavit
1053 2008 1129 2053 sese

180 2080 222 2146 de
249 2083 365 2150 Roma
395 2090 530 2153 venisse
566 2107 608 2152 ac
640 2089 798 2153 nuntium
831 2088 920 2153 ferre
948 2088 1127 2170 optimum,

135 2246 140 2253 .
180 2183 272 2264 quod
295 2187 361 2251 sibi
383 2189 699 2272 obtemperantibus
719 2198 850 2253 aeterna
874 2190 909 2252 in
927 2189 1023 2253 caelis
1044 2206 1130 2270 gau·

181 2281 237 2346 dia
265 2288 501 2367 promittebat.
553 2288 643 2352 Haec
671 2288 813 2353 audiens
844 2308 906 2352 rex
931 2283 1029 2370 ⁶post
1055 2288 1127 2353 dies
1141 2308 1256 2349 ruiana.

181 2399 310 2463 paucos
328 2388 425 2451 venit
444 2386 487 2452 ad
509 2388 671 2465 insulam,
695 2397 742 2465 et,
766 2388 919 2453 residens
944 2390 1009 2452 suh
1035 2388 1127 2465 divo,
1140 2359 1289 2450 perpenna.

176 2479 283 2563 jussit
305 2483 541 2567 Augustinum
572 2508 649 2552 cum
672 2487 775 2553 sociis
804 2489 847 2552 ad
874 2508 974 2552 suum
1001 2488 1126 2552 ibidem

180 2580 390 2666 colloquium
410 2588 540 2652 venire.
593 2586 644 2652 At
668 2588 720 2652 illi
742 2588 859 2653 divina
886 2589 1014 2653 virtute
1040 2608 1128 2670 pree-

180 2678 243 2745 diti
268 2685 454 2752 veniebant
484 2707 622 2752 crucem
654 2708 717 2771 pro
746 2689 874 2752 vexillo
903 2687 1065 2765 serentes
1092 2700 1127 2753 et

180 2778 365 2864 imaginem
379 2785 521 2851 Domini
548 2788 741 2852 Salvatoris
760 2788 796 2850 in
816 2787 935 2851 tabula
955 2789 1126 2870 depictam

211 2964 555 3034 'Mioeu.‚.Auguttnm.]
565 2971 640 3031 Upon
700 2967 923 3034 'Applicuerunt.]
941 2970 1085 3034 According
1101 2978 1127 3020 to

179 3035 218 3087 ibe
228 3038 289 3088 dcte
307 3039 337 3089 ol
344 3041 511 3102 Augustine's
527 3041 641 3101 mission,
664 3039 757 3100 Thorn‚
775 3044 801 3088 at
817 3055 833 3089 a
849 3040 922 3102 place
937 3040 1020 3089 called
1039 3042 1126 3089 lieten-

181 3107 262 3157 which
278 3123 361 3159 uerus
374 3115 400 3158 to
418 3110 640 3172 besatisiuetorily
664 3110 772 3172 bourgh,
794 3125 823 3158 or
850 3109 1038 3170 Riehborough,
1065 3124 1126 3159 near

179 3178 332 3228 established
351 3194 381 3229 us
400 3180 493 3243 having
518 3180 640 3229 occurred
663 3180 809 3240 Sandwieh‚
828 3180 913 3228 where
930 3179 1053 3247 aehapel
1071 3194 1125 3229 was

180 3246 204 3296 in
225 3248 276 3297 this
298 3250 379 3312 reign,
395 3250 437 3298 the
454 3249 544 3298 nuder
560 3251 582 3298 is
601 3265 640 3298 re·
664 3249 729 3298 built
750 3250 776 3297 in
798 3250 1014 3298 commemoration
1032 3248 1061 3297 oi
1082 3250 1124 3299 the

179 3315 258 3367 ierred
283 3323 310 3366 to
331 3320 408 3382 Pagi,
430 3319 522 3368 Baton.
546 3319 639 3369 hunul.
663 3325 746 3379 event,
762 3320 789 3366 in
809 3318 891 3366 which
910 3319 952 3366 the
974 3320 1027 3366 lirst
1045 3325 1124 3379 etone,

178 3399 217 3436 tn.
228 3391 288 3451 696,
298 3389 312 3452 §
322 3389 358 3440 iv.
664 3389 767 3451 bearing
777 3388 819 3437 the
836 3389 889 3436 first
900 3387 1034 3436 suot-mark
1045 3388 1074 3437 oi
1082 3390 1123 3437 the

663 3459 738 3520 saint,
759 3473 814 3507 was
842 3457 983 3519 deposited.
1019 3460 1121 3520 Scriptt.

210 3523 222 3557 '
233 3528 370 3579 certunm
379 3530 576 3593 pmnqnugeaime
586 3543 639 3591 sep-
663 3527 727 3576 Dec.
739 3527 787 3576 eol.
799 3532 872 3577 1759.

179 3596 257 3662 tina]
274 3599 307 3647 In
323 3598 366 3648 the
382 3601 473 3649 earlier
483 3604 541 3661 part
556 3598 585 3647 oi
598 3598 637 3647 hir
698 3595 888 3660 ⁴1aterpreter.]
906 3597 979 3645 Beda
994 3611 1053 3657 says
1065 3598 1124 3658 they

178 3667 302 3718 chronicte
320 3668 462 3719 Wendorer
483 3670 529 3719 hus
548 3668 637 3730 placed
663 3681 729 3716 were
757 3668 809 3715 ‘de
837 3671 910 3728 gente
939 3667 1090 3714 Francorum
1103 3667 1124 3724 ς’

178 3736 219 3787 ihc
240 3740 388 3789 conversion
407 3739 437 3789 ol
455 3740 561 3798 Lucius,
579 3738 637 3787 here
661 3736 724 3785 from
736 3737 819 3786 which
832 3737 883 3785 hir.
894 3737 1030 3784 Sterensou
1046 3735 1124 3784 infers

177 3808 280 3858 alluded
298 3815 335 3871 to,
352 3810 434 3858 under
450 3810 492 3859 the
509 3823 570 3871 year
582 3812 638 3870 les,
661 3806 703 3856 the
715 3808 849 3869 similarity
859 3806 888 3856 oi
901 3806 944 3854 the
959 3806 1054 3855 French
1072 3807 1122 3855 and

177 3878 218 3928 the
236 3879 296 3929 date
317 3880 435 3929 ascribed
455 3886 482 3929 to
502 3879 545 3929 the
568 3893 637 3926 same
663 3876 1123 3940 Kentishlanguagesatthatperiod.

178 3953 250 3997 event
266 3950 321 3998 also
339 3951 375 4011 by
392 3949 526 3999 Batonius.
562 3948 637 4009 Upon
662 3946 804 4008 neuter.

178 4018 227 4067 this
245 4034 306 4080 very
324 4019 443 4069 doubtful
464 4020 544 4081 point,
565 4018 636 4066 how·
699 4013 789 4064 ‘Post
807 4015 859 4065 dier
874 4009 985 4083 ponera]
1002 4014 1064 4063 This
1081 4030 1122 4064 nc-

178 4102 244 4150 orer,
262 4088 304 4139 ibe
320 4089 411 4139 render
425 4089 510 4139 would
529 4088 563 4136 do
578 4088 636 4136 well
662 4091 739 4134 count
756 4085 785 4134 oi
799 4085 841 4133 the
860 4086 990 4134 interview
1008 4085 1122 4134 between

179 4164 203 4207 to
220 4159 320 4208 consult
337 4158 381 4209 the
400 4159 468 4209 third
486 4157 537 4209 aud
552 4156 637 4206 fourth
662 4155 827 4205 Aethelberht
857 4156 906 4204 aud
930 4156 1074 4217 Augustino
1101 4156 1123 4203 is

179 4228 292 4290 chapter·
302 4228 331 4278 oi
339 4229 459 4281 Ussber's
470 4228 619 4279 Primordia.
663 4226 737 4287 given
744 4226 770 4274 iu
781 4225 824 4274 the
835 4226 920 4275 words
929 4224 959 4275 oi
968 4226 1049 4287 Beda,
1059 4226 1073 4287 ς
1082 4230 1123 4275 ⁵5.

228 4319 307 4367 voh.
323 4320 348 4367 l.
949 4317 972 4362 ll
