2888 4852
562 420 733 467 narnien.
1041 407 1128 470 xxiii

174 575 301 657 plural
356 575 497 640 Paratis
523 578 558 639 in
585 577 702 641 littore
732 579 890 654 navibus,
918 579 1058 659 eligitur
1083 593 1252 641 exau-⁴³⁵-

173 674 319 737 diversis
349 676 447 756 regni
470 677 628 758 partibus
651 676 871 758 supradictus
894 678 1039 742 militum
1065 699 1127 742 nu·

173 794 308 851 merns;
348 776 407 858 qui
439 795 534 840 mare
567 777 714 858 ingressi
741 777 777 839 in
811 777 991 842 Totonesii
1024 785 1127 859 portu

174 894 337 956 prospere
351 875 605 958 applicuerunt.
660 875 736 939 Nec
755 895 863 951 mora,
883 877 1128 939 confluxerunt

174 973 325 1056 undique
342 975 504 1038 Britones
527 975 671 1057 dispersi
692 975 735 1038 de
759 976 913 1039 latibulis
934 985 969 1039 et
989 975 1127 1058 spelun-

174 1074 234 1149 cis,
258 1082 388 1137 etcum
413 1073 568 1137 hostibus
591 1076 768 1155 congressi
788 1076 969 1139 victoriam
992 1095 1053 1158 per
1075 1077 1127 1137 in·

173 1173 344 1236 dustriam
372 1174 453 1238 novi
482 1174 573 1254 regis
596 1183 632 1238 et
655 1174 748 1238 beati
773 1175 837 1237 viri
863 1176 1021 1238 meritum
1045 1183 1127 1238 sunt

175 1273 303 1355 adepti.
355 1273 490 1337 Deinde
502 1272 595 1336 facta
610 1274 643 1336 in
658 1272 827 1337 Cicestria
840 1275 1017 1350 concione,
1029 1294 1126 1338 erex-

175 1382 275 1436 erunt
304 1372 571 1436 Constantinum
598 1373 634 1436 in
660 1393 789 1455 regem,
817 1374 917 1456 eique
942 1375 1125 1457 conjugem

175 1471 346 1535 dederunt
361 1492 406 1536 ex
431 1473 537 1536 nobili
563 1473 797 1537 Romanorum
819 1474 982 1555 prosapia
1003 1480 1126 1550 ortam,

176 1591 252 1653 quae
275 1572 447 1635 industria
472 1574 564 1637 beati
584 1572 776 1649 withelmi,
798 1572 1049 1637 Londoniensis
1069 1593 1125 1636 ar-

176 1671 397 1755 chiepiscopi,
424 1671 538 1736 suerat
563 1673 731 1751 educata3
764 1693 808 1736 ex
840 1691 909 1754 qua
938 1680 1008 1736 tres
1036 1672 1125 1736 filios

176 1773 338 1855 inclytos,
364 1771 590 1837 Constantem
608 1773 751 1867 scilicet,
774 1771 953 1836 Aurelium
979 1770 1125 1835 Ambro-

177 1873 312 1935 sianum
329 1880 435 1955 atque
453 1872 755 1955 Uterpendragon‚
780 1891 943 1955 processu
962 1872 1126 1954 temporis

177 1973 367 2051 generavit.
405 1971 630 2036 Constantem
647 1993 728 2037 vero
748 1973 1010 2054 primogenitum
1026 1992 1126 2034 suum

179 2070 254 2135 Deo
276 2072 498 2148 sacrificavit,
523 2070 663 2136 tradens
689 2092 766 2136 eum
792 2072 827 2134 in
849 2072 995 2136 ecclesia
1015 2075 1126 2137 sancti

179 2169 379 2253 Ampbibali
396 2172 487 2235 infra
503 2172 729 2248 Wintoniam,
744 2173 803 2235 nbi
819 2172 1055 2235 monachalem
1071 2193 1126 2235 or·

179 2271 290 2334 dinem
316 2273 492 2354 suscepit;
524 2271 707 2336 Aurelium
732 2271 1000 2337 Ambrosianum
1024 2280 1129 2354 atque

181 2370 468 2453 Uterpendragon
484 2372 743 2455 archiepiscopo
766 2371 977 2436 Londinensi
1000 2372 1042 2434 ad
1067 2393 1128 2435 nu·

178 2470 348 2534 triendum
365 2473 546 2536 commisit.

294 2597 314 2638 ἕ
469 2599 490 2639 ἔ
647 2600 667 2638 ff
821 2597 841 2638 ἕ
996 2597 1016 2638 ἕ

236 2736 325 2800 Ἕω]
339 2737 507 2799 Britannia
525 2738 743 2800 Constantinus
757 2735 934 2817 indefectus
948 2744 999 2811 est,
1018 2738 1069 2798 cni

332 2836 472 2899 suecessit
478 2835 572 2918 filine
586 2836 651 2919 nsua
669 2836 816 2898 Cantent
830 2835 865 2897 in
879 2855 978 2919 rayno.

227 2959 354 3024 ‘Anno
370 2961 491 3042 gratiae
509 2977 685 3024 occcan.
705 2958 967 3035 Constantinus,
988 2958 1126 3020 Britan·
1141 2980 1250 3069 &pipp

180 3080 299 3124 norum
331 3080 406 3137 rex,
433 3061 583 3144 quodam
611 3061 666 3123 die
698 3060 779 3123 dum
807 3068 972 3122 venatum
1001 3058 1078 3135 iret,
1106 3077 1278 3120 econamum

182 3159 279 3225 Picto
294 3161 456 3244 quodam,
471 3161 529 3243 qui
547 3162 582 3224 in
598 3161 674 3244 ejus
689 3159 855 3241 obsequio
872 3158 996 3233 fuerat,
1011 3158 1045 3220 in
1059 3158 1125 3221 vir·
1139 3132 1274 3220 illiloe‘*

179 3261 275 3342 gnlto
291 3261 496 3325 densissimo
511 3281 589 3324 cum
608 3261 719 3325 cultro
734 3258 934 3323 interfectus
954 3268 1029 3336 est;
1057 3278 1126 3341 qno
1139 3232 1248 3271 σω*

179 3360 353 3436 defuncto,
375 3362 527 3424 surrexit
553 3361 721 3424 dissensio
748 3361 837 3423 inter
863 3377 1022 3440 proceres
1049 3359 1127 3439 quis

180 3479 296 3524 eornm
319 3460 564 3524 sublimaretur
585 3462 620 3522 in
645 3479 772 3540 regno;
796 3458 857 3521 filii
880 3477 1016 3540 quoque
1035 3459 1127 3538 regis

180 3558 345 3636 defuncti,
371 3558 530 3622 Aurelius
556 3558 803 3623 Ambrosianus
828 3564 933 3638 atque
955 3557 1126 3639 Uterpen·

180 3660 323 3742 magon,
338 3660 435 3721 missi
453 3659 588 3722 fuerant
601 3660 637 3722 in
658 3660 822 3721 minorem
843 3657 1058 3720 Britanniam
1082 3657 1125 3719 ad

181 3759 406 3835 educandum,
433 3759 506 3840 qni,
534 3760 563 3820 si
591 3766 779 3840 praesentes
803 3756 959 3833 fuissent,
987 3765 1128 3840 propter

181 3865 318 3923 aetatem
344 3859 511 3940 puerilem
536 3846 680 3939 regnare
708 3878 775 3921 non
800 3865 952 3938 possent.
1017 3857 1128 3920 Porro

181 3958 424 4039 vortigernus,
447 3958 567 4022 consul
582 3957 832 4032 Gewiseorum,
851 3956 910 4037 qui
934 3957 1026 4019 omni
1051 3958 1126 4018 nisu

182 4058 215 4120 in
233 4077 377 4138 regnum
395 4059 586 4139 aspirabat,
597 4058 752 4139 perrexit
761 4056 975 4118 Wintoniam
994 4064 1027 4117 et
1039 4055 1130 4117 Con·

182 4165 331 4221 stantem
349 4157 565 4233 monachum,
581 4156 802 4221 Constantini
821 4155 940 4228 lilium,
957 4155 999 4215 ‹le
1016 4153 1129 4216 claus-

985 4277 1025 4319 02
