2888 4852
426 433 565 482 suenus
589 435 857 485 maronianus.
1068 420 1113 485 35

160 587 303 666 faceret,
324 589 490 656 dissuasit
506 611 582 669 rex,
606 612 686 657 nam
706 592 803 674 prius
816 592 927 657 voluit
950 594 1111 675 persequi

160 685 429 771 vortigernum:
445 691 568 756 deinde
585 692 777 756 exercitum
793 693 941 755 suumin
953 691 1111 757 Cambri-

161 787 393 871 aurdirigens,
405 791 569 875 oppidum
582 790 772 856 Geuorium
783 791 918 874 petivit.
943 791 994 856 Ut
1003 791 1110 874 igitur

161 886 205 950 ad
219 887 306 953 illud
321 893 493 972 pervenit,
510 891 715 974 proditionis
731 891 833 956 factae
850 891 941 974 patri
957 899 992 955 et
1009 891 1108 956 fratri

160 987 396 1068 reminiscens,
427 991 647 1056 adstantibus
676 991 737 1068 ait,
767 990 978 1074 ‘Respicite
1003 991 1108 1056 duces
1120 1010 1234 1100 ⁸⁹⁰3*st

161 1087 377 1168 nobilissimi,
392 1088 494 1175 hujus
512 1092 617 1155 turris
634 1090 764 1155 moenia
779 1090 809 1153 si
823 1099 970 1174 possunt
984 1090 1108 1156 Vorti-
1121 1061 1163 1101 ΑΜ
1141 1071 1251 1101 ''mu''

160 1205 306 1268 gernum
322 1197 516 1274 protegere,
533 1192 594 1274 qui
612 1191 759 1255 fertilem
776 1191 924 1274 patriam
946 1190 1107 1255 devasta-

160 1286 225 1364 vit,
249 1289 383 1354 nobiles
404 1292 502 1374 regni
530 1289 788 1367 exterminavit,
803 1309 921 1355 meras
944 1291 1108 1355 ecclesias

161 1385 351 1467 destruit,
371 1399 408 1455 et
420 1390 719 1456 christianitatem
744 1389 814 1454 fere
839 1409 861 1454 a
885 1391 973 1453 mari
999 1410 1108 1472 usqne

160 1486 206 1550 ad
223 1507 319 1554 mare
331 1488 471 1568 delevit,
482 1499 530 1568 et,
543 1491 637 1574 qnod
653 1489 959 1572 magisdoleudnm
969 1509 1108 1568 censeo,

159 1594 296 1670 patrem
319 1599 487 1656 meumst
506 1591 648 1656 fratrem
671 1589 832 1673 prodidit.
885 1589 1001 1666 Nunc,
1014 1590 1109 1654 cives

62 1683 71 1692 ’
160 1687 376 1767 nobilissimi,
393 1691 539 1755 viriliter
564 1691 659 1773 agite
678 1696 713 1754 et
728 1689 902 1754 vindicate
924 1708 988 1753 vos
1009 1689 1106 1771 prius

161 1787 198 1851 in
224 1787 335 1867 illum,
358 1809 420 1872 per
446 1810 549 1874 quem
580 1790 654 1855 haec
680 1789 796 1854 omnia
817 1796 1050 1866 accesserunt,
1073 1796 1109 1852 et

159 1886 284 1952 deinde
307 1908 405 1954 arma
428 1897 604 1955 vertamus
628 1890 664 1953 in
692 1888 834 1952 hostes!
897 1887 972 1952 Nec
999 1907 1108 1965 mora,

159 1986 306 2052 diversis
319 1989 632 2055 machinationibus
646 1987 821 2066 adhibitis,
833 1988 963 2052 moenia
973 1987 1108 2052 diruere

159 2086 329 2154 nituntur.
381 2089 563 2155 Postremo
580 2109 658 2156 cunr
673 2095 801 2153 caetera
816 2086 1033 2165 defecissent,
1049 2087 1109 2152 ad-
1122 2102 1191 2143 υωιι
1199 2101 1225 2141 0¹

160 2186 368 2254 hibuerunt
358 2208 485 2272 mnam,
502 2191 563 2274 qni
583 2210 660 2256 cum
679 2188 880 2252 alimentum
900 2188 1109 2271 suscepisset
1120 2153 1265 2204 mm*

162 2307 231 2351 non
249 2290 411 2368 cessavit,
425 2289 534 2355 donec
553 2290 673 2355 turrim
691 2295 727 2352 et
742 2287 991 2368 Vortigemum
1017 2307 1110 2352 corn-

160 2387 285 2452 bussit.

211 2485 317 2552 Anno
344 2490 466 2571 gratiae
490 2480 948 2562 cocunxV1r.¹Theodorus,
976 2485 1231 2567 spisso-ausu.

159 2606 226 2670 pus
252 2587 406 2653 civitatis
432 2608 524 2672 quar,
549 2587 687 2672 scyro
712 2585 897 2651 Persarum
919 2604 1002 2666 rege
1027 2603 1110 2648 con·

159 2687 246 2764 dita,
262 2686 378 2772 Cyriae
399 2707 524 2754 nomen
548 2689 695 2771 accepit,
717 2687 771 2751 vir
789 2687 825 2750 in
847 2685 974 2750 divinis
999 2684 1109 2767 scrip·

161 2787 249 2851 turis
266 2787 309 2851 ad
323 2787 514 2870 perfectum
529 2788 697 2864 eruditus,
708 2786 744 2849 in
760 2785 908 2850 ecclesia
918 2783 1110 2848 clarissima

159 2887 322 2952 columna
337 2886 483 2952 refulsit.

205 2984 676 3070 Annogratiaeocccuxvur.
685 2980 908 3062 'clodoveus
919 3002 982 3047 rex
998 2983 1109 3046 Fran·
1094 2999 1232 3090 -ffihade

161 3105 294 3164 corum,
311 3087 472 3152 milliario
486 3086 619 3151 decimo
633 3087 677 3151 ab
695 3087 779 3150 urbe
795 3083 1008 3161 Pictavensi,
1022 3081 1108 3147 Ala·
1122 3099 1238 3191 ιιιὶιιιιι

162 3187 271 3250 ricum
304 3207 420 3270 regem
445 3185 640 3252 Gothorum
668 3185 860 3264 interfecit;
888 3183 988 3268 cujus
1019 3182 1110 3246 filins

162 3279 379 3351 'Almaricns
395 3287 583 3364 evadens,
574 3306 610 3349 nr
628 3285 823 3369 Hispanias
840 3282 987 3367 aufugit.

199 3606 624 3673 'Theodorsasfheodoretlspro-
649 3624 711 3672 gory
730 3609 759 3658 of
777 3608 867 3668 Tenus,
890 3606 939 3656 and
961 3604 1055 3665 others,
1075 3604 1111 3652 all

163 3678 310 3740 bablyhere
325 3679 454 3741 intended,
466 3679 524 3729 who
539 3679 562 3729 fs
579 3692 625 3742 ge-
648 3693 724 3742 agree
746 3679 773 3727 in
795 3678 897 3740 placing
921 3676 963 3724 the
985 3673 1062 3723 death
1085 3673 1114 3722 of

164 3749 260 3810 nerally
278 3749 408 3811 supposed
430 3754 457 3800 to
478 3749 543 3799 hare
565 3748 624 3798 died
649 3742 1111 3806 AlaricatthehattleoftheVougle,

162 3820 240 3868 about
250 3818 293 3867 the
304 3833 366 3881 year
375 3823 433 3870 4⁶⁷.
649 3818 854 3880 orchampagne
872 3817 899 3868 S.
912 3814 1021 3876 llilaire,
1031 3814 1112 3862 under

197 3884 352 3938 ¹ciodooeas
373 3888 450 3952 rem]
475 3890 500 3938 Α
524 3893 625 3951 strange
650 3888 691 3938 the
708 3903 769 3950 year
784 3890 841 3936 50⁷.
880 3883 1046 3935 SeeRecueil
1065 3884 1111 3933 des

164 3957 347 4008 anachronm.
382 3957 470 4008 Clovis
486 3958 511 4007 1.
521 3958 566 4006 did
582 3963 626 4007 not
650 3959 720 4009 Hist.
733 3959 779 4007 des
790 3955 899 4018 Gaulos,
909 3954 947 4005 iii.
959 3957 1000 4017 18,
1011 3957 1075 4003 sote.

164 4027 257 4077 mcend
276 4026 320 4077 the
337 4027 426 4077 throne
444 4028 510 4077 until
519 4031 578 4089 481,
593 4043 625 4076 on

163 4097 206 4147 the
216 4096 293 4147 death
304 4097 333 4147 of
341 4097 381 4147 his
389 4097 624 4160 father‚(>hilderic,
687 4094 698 4126 ⁸
716 4095 875 4159 Mauricae]
893 4109 922 4142 or
939 4091 1110 4149 Amalnrlcua

165 4167 250 4217 whilst
270 4166 396 4231 Slgebert,
418 4168 540 4231 Hageno,
558 4167 625 4219 Gre-
650 4167 790 4230 reignedin
802 4166 880 4228 Spain
890 4165 1006 4212 ntneteen
1017 4173 1101 4221 years.

943 4317 991 4362 ut
