2888 4852
415 443 554 491 rconns
577 442 846 495 nlsrornnaun.
1039 430 1104 495 137

153 593 420 665 ¹Ermenredum
444 611 480 666 et
500 601 754 667 Erkenbertum
785 604 882 685 regni
904 603 1104 686 temporalis

152 700 293 782 reliquit
320 701 487 779 haeredes,
509 703 569 766 sed
587 703 706 787 junior
720 702 955 767 Erkenbertus
979 703 1103 766 callide
1154 754 1157 761 .

153 818 298 882 regnum
322 801 424 865 fratri
455 803 656 885 surripiens,
680 803 778 866 illum
802 823 908 886 regno
930 804 1101 887 privavit3

153 899 214 983 qui
236 908 399 984 suscepto
422 922 529 984 regno
548 903 673 984 viginti
694 912 844 985 quatuor
859 904 959 967 annis
982 911 1017 967 et
1038 904 1102 966 ali·
1115 925 1264 967 monum.

153 1007 240 1083 quot
255 1002 430 1065 mensibus
451 1002 672 1067 laudabiliter
691 1003 842 1086 praefuit,
867 1022 946 1066 nam
971 1005 1102 1086 primus

154 1119 274 1182 regum
298 1100 438 1183 Angliae
459 1103 497 1165 iu
521 1109 595 1167 toto
622 1123 729 1184 regno
752 1123 816 1167 suo
847 1102 942 1167 idola
971 1103 1102 1167 destrui

154 1200 257 1263 simul
280 1208 316 1264 et
327 1202 500 1287 jejunium
516 1202 751 1285 quadraginta
771 1203 903 1267 dierum
925 1202 1102 1268 observari

155 1302 334 1383 pracepit,
352 1321 430 1385 quae
455 1321 498 1365 ne
524 1302 624 1366 facile
647 1322 669 1365 a
683 1305 845 1385 quopiam
860 1310 1003 1386 possent
1019 1323 1102 1367 con·

156 1401 276 1478 temni,
309 1401 344 1464 in
378 1410 652 1484 transgressores
684 1402 875 1485 condignas
906 1404 1103 1487 punitiones

157 1500 231 1564 fieri
241 1501 360 1585 jussit.
398 1500 535 1566 Habuit
546 1512 661 1566 autem
674 1504 841 1584 reginam,
855 1505 990 1567 nomine
1000 1496 1104 1566 ²Sex-

157 1600 317 1682 burgum,
360 1600 473 1665 Annae
517 1604 610 1684 regis
654 1604 872 1667 orientalium
913 1603 1104 1684 Anglorum

157 1700 277 1779 liliam,
300 1719 344 1764 ex
361 1721 431 1784 qua
454 1701 644 1784 Egbertum
670 1704 778 1767 filium
802 1712 837 1767 et
854 1696 1104 1785 ³Erkengotam

157 1800 263 1864 filiam
289 1803 480 1883 generavit.
527 1802 682 1886 Natique
714 1811 796 1868 sunt
824 1806 929 1867 etiam
962 1804 1104 1866 Ermen-

157 1900 253 1978 redo,
284 1921 449 1984 processu
484 1905 661 1985 temporis,
697 1903 758 1967 filii
787 1897 1033 1967 4Athelbertus
1069 1910 1105 1968 et

158 1999 380 2080 Athelredus,
392 2002 435 2065 de
451 2002 576 2085 quibus
598 2022 662 2067 suo
682 2004 758 2068 loco
776 2004 918 2069 dicetur.
971 2002 1104 2067 Erken·
1118 2021 1242 2073 umbo.

158 2110 242 2183 gota
279 2121 362 2165 vero
397 2110 588 2166 memorata
624 2105 661 2167 in
701 2104 860 2186 Brigensi
897 2105 1106 2168 monasterio

160 2201 372 2270 Francorum
393 2201 550 2266 habitum
565 2202 742 2285 religionis
757 2205 949 2287 suscipiens
973 2224 1014 2268 ac
1029 2205 1106 2268 Deo

159 2300 285 2365 ibidem
309 2301 475 2380 serviens,
497 2321 701 2385 magnarum
716 2304 782 2367 fuit
799 2306 898 2386 virgo
914 2305 1107 2383 virtutum;

160 2421 241 2464 nam
266 2419 308 2464 eo
333 2408 498 2485 tempore,
514 2403 658 2467 necdum
678 2404 797 2468 multis
820 2405 855 2468 in
877 2405 1017 2487 regione
1032 2403 1107 2468 An·

159 2501 296 2583 giorum
324 2502 541 2566 monasteriis
565 2505 786 2580 constructis,
820 2505 921 2568 multi
955 2505 998 2568 do
1029 2505 1108 2568 Bri·

162 2603 295 2679 tannia,
321 2603 521 2666 monasticae
543 2604 816 2668 conversationis
844 2606 969 2686 gratia,
997 2604 1109 2668 Galli-

162 2721 259 2765 arum
280 2702 492 2766 monasteria
518 2702 612 2767 adire
628 2705 798 2768 solebant.
852 2704 970 2789 Hujus
994 2714 1108 2768 autem

161 2802 305 2884 virginis
322 2803 399 2866 Deo
414 2802 538 2866 dicate
555 2805 664 2867 multa
680 2805 831 2887 quidem,
845 2805 889 2868 ab
905 2805 1027 2869 incolis
1042 2805 1108 2869 looi

162 2903 266 2979 illius,
279 2902 393 2966 solent
405 2922 512 2986 opera
527 2904 692 2967 virtutum
707 2911 742 2968 et
755 2905 856 2985 signa
866 2905 1108 2969 miraculorum

163 3003 300 3082 referri3
326 3023 446 3066 verum
476 3004 574 3066 nobis
599 3003 641 3067 de
664 3006 813 3068 transitu
840 3005 933 3068 illius
959 3015 1108 3082 tantum,

162 3122 229 3184 quo
250 3102 403 3168 caelestia
418 3122 526 3184 regna
550 3104 662 3186 petiit,
679 3105 808 3187 aliquid
824 3105 974 3169 breviter
996 3105 1109 3169 dicere

163 3201 320 3268 sufficiat.
369 3203 575 3267 Imminente
608 3224 691 3285 ergo
721 3225 794 3268 suae
826 3206 1018 3268 vocationis
1054 3205 1109 3269 die

163 3303 250 3367 vidit
265 3311 441 3367 catervam
466 3304 640 3367 hominum
658 3305 851 3368 albatorum
866 3324 965 3367 suum
980 3306 1110 3369 intrare

164 3405 422 3480 monasterium,
447 3403 578 3486 hosque
607 3405 839 3486 interrogatos
869 3405 951 3487 quid
977 3424 1109 3488 quaere·

199 3609 205 3640 ¹
226 3612 403 3662 Emeurerlanr
431 3616 456 3660 et
485 3611 623 3660 Erkabo-
683 3609 694 3642 ³
714 3613 901 3676 Erkengotom]
927 3614 977 3662 She
994 3628 1049 3662 was
1066 3614 1110 3663 ab·

164 3677 237 3750 mm]
248 3683 463 3733 Earmeuredwas
472 3683 513 3732 the
522 3682 626 3731 issueol
648 3683 706 3732 boss
731 3683 760 3732 of
780 3684 964 3733 Faremoustier
986 3699 1017 3732 en
1041 3685 1109 3735 Brie.

164 3752 302 3802 Eadbald’s
313 3755 366 3801 lirst
377 3754 501 3815 marriage
515 3752 575 3801 with
584 3751 624 3801 his
648 3754 696 3802 See
709 3753 789 3812 Beda,
800 3754 813 3816 i
826 3757 888 3814 1⁷³3
906 3755 965 3803 Act.
976 3754 1022 3803 SS.
1034 3754 1109 3805 Febr.

163 3823 367 3875 mother-inlaw.
389 3823 463 3873 Alter
473 3823 513 3872 his
524 3823 624 3871 divorce
647 3824 685 3872 iii.
696 3839 722 3884 p.
736 3827 792 3876 387.

162 3893 402 3943 fmmherEadbald
410 3893 518 3941 married
526 3893 624 3953 Emma,
684 3891 867 3941 ‘Athelbertur
893 3897 918 3941 et
940 3893 1108 3957 Athelredus]

164 3964 290 4026 daughter
311 3963 340 4012 ol
358 3963 501 4013 Theodbert
520 3961 584 4024 king
600 3962 628 4011 ol
647 3961 718 4024 They
730 3977 797 4011 were
813 3968 860 4024 put
871 3968 896 4011 to
907 3963 984 4012 death
996 3966 1030 4025 by
1043 3965 1110 4026 Ecg-

163 4034 277 4096 Auitus,
295 4033 422 4094 byrrhum
442 4033 473 4082 he
493 4032 543 4081 hod
563 4033 625 4081 Ear-
648 4031 729 4080 herht.
763 4032 841 4081 Their
861 4033 1012 4095 martyrdom
1033 4036 1056 4082 is
1072 4048 1109 4083 re·

163 4104 289 4154 muberht.
648 4101 742 4151 corded
764 4103 797 4163 hy
817 4104 926 4153 Simeon.
948 4104 1067 4152 Dunelm.
1084 4110 1111 4153 at

197 4171 402 4236 ’Saexbargum.]
427 4172 476 4222 See
498 4172 556 4221 Act.
579 4171 625 4221 SS.
649 4171 1112 4235 thocommencementolhlshistory;

164 4242 218 4294 Jnl.
229 4249 290 4295 tom.
301 4245 329 4295 ii.
339 4259 367 4306 p.
377 4247 434 4294 846.
650 4243 704 4292 also
716 4244 741 4292 in
753 4243 896 4306 Gapgraue,
906 4242 950 4293 iol.
962 4243 1033 4296 cxlii.
1044 4243 1070 4293 b.
