2888 4852
436 424 574 471 neonus
598 424 865 471 urs'ronrnnun.
1066 405 1130 468 487

176 583 236 658 sis,
266 590 302 646 ct
331 582 374 644 ad
405 582 522 645 sedern
549 582 801 646 Londinensem
829 575 1056 656 ¹WillelmuS,
1085 582 1127 643 ad

176 680 506 745 Dorkecestrensem
520 674 607 745 ²Uls
617 682 709 763 regis
724 680 938 764 capellanus.

219 854 306 933 Quod
318 874 372 917 roe
386 852 590 917 Eudwordus
606 873 627 916 o
643 852 785 938 umtiyeli
797 851 916 938 Auylos
933 849 1086 916 liberavit.

227 975 331 1040 Anno
352 978 475 1058 gratiae
502 993 665 1042 un1.rex
692 977 906 1042 Eadwardus
927 969 967 1039 ³a
991 977 1259 1083 gravis-Q}

176 1077 262 1139 simo
280 1076 443 1158 vectigali
461 1074 597 1158 Anglos
624 1076 775 1141 absolvit
791 1077 935 1157 triginta
951 1083 1031 1140 octo
1047 1075 1123 1138 mil·
1136 1086 1242 1124 „mnes

176 1175 259 1237 lium
277 1175 454 1252 librarum,
472 1175 564 1257 quod
591 1176 700 1239 multo
720 1183 874 1256 tempore
890 1176 1035 1239 Danicis
1061 1177 1123 1239 sti·

177 1274 364 1356 pendiariis
389 1275 478 1338 solvi
504 1276 696 1338 consuevit.
748 1273 877 1337 Eodem
906 1294 1009 1351 anno,
1033 1295 1123 1338 mor·

177 1381 237 1437 tuo
265 1371 411 1449 Alsrico,
434 1373 644 1438 Eboracensi
667 1373 937 1456 archiepiscopo,
959 1365 1124 1438 ⁴Kinsius

176 1473 268 1553 regis
298 1472 499 1554 capellanus
529 1473 709 1537 successit.
765 1472 835 1536 Per
863 1472 954 1535 idem
988 1480 1124 1555 tempus

175 1572 246 1634 dux
272 1571 551 1636 Normannorum
578 1572 774 1638 Willelnrus
805 1573 842 1634 in
870 1570 1035 1650 Angliam
1064 1592 1124 1636 ve·

175 1673 286 1746 nienS,
301 1671 345 1734 ab
363 1671 557 1735 Eadwardo
577 1693 659 1753 rege
675 1670 862 1735 honorifice
878 1679 1036 1754 receptus
1059 1679 1124 1749 est,

177 1777 211 1833 et
226 1771 344 1833 multis
359 1771 523 1834 donatum
537 1770 736 1834 muneribus
761 1771 804 1834 ad
820 1771 961 1854 propria
981 1771 1123 1835 remisit.

178 1868 257 1933 Hoc
275 1890 412 1952 quoque
428 1890 519 1933 anno
544 1870 643 1934 multi
658 1870 792 1934 nobiles
812 1870 926 1952 gentis
944 1869 1124 1934 Nortban·

176 1969 343 2033 humbriae
361 1978 596 2034 convenerunt
618 1989 725 2053 prope
741 1969 916 2033 civitatem
933 1969 1125 2034 Lindissar-

176 2089 316 2132 nensem
340 2070 383 2131 ad
409 2070 583 2151 quandam
608 2068 800 2145 ecclesiam,
816 2069 875 2131 ubi
904 2077 1003 2133 erant
1017 2070 1125 2153 placi-

176 2169 296 2244 taturi,
310 2175 345 2231 et
362 2170 600 2251 presbyterum
622 2175 845 2250 rogaverunt,
860 2176 899 2232 ut
913 2168 1053 2233 missam
1075 2170 1125 2234 eis

175 2269 357 2331 caritativo
383 2268 583 2345 celebraret,
598 2275 636 2331 at
654 2269 845 2351 presbyter,
861 2268 921 2350 qui
945 2277 1046 2333 nocte
1063 2270 1124 2334 illa

175 2387 253 2432 cum
269 2368 462 2430 concubina
474 2368 672 2445 dormierat,
690 2367 733 2431 ad
750 2372 884 2431 tantum
900 2366 1050 2432 officium
1066 2388 1124 2433 ac·

175 2468 295 2531 cedere
320 2466 546 2546 formidabat3
569 2467 643 2544 sed,
658 2467 727 2531 illis
744 2466 965 2531 vehementer
991 2469 1035 2531 ad
1060 2469 1126 2533 boc

175 2568 398 2644 instantibus,
422 2567 580 2649 precibus
608 2586 725 2631 eorum
741 2567 881 2630 tandem
898 2568 1025 2645 victus,
1047 2588 1123 2632 cum

174 2676 322 2732 tremore
333 2675 448 2730 tamen
459 2667 579 2731 divina
595 2666 759 2749 mysteria
771 2666 971 2730 celebravit.
1008 2667 1076 2730 Sed
1088 2668 1126 2730 in

175 2767 272 2843 bora,
288 2785 358 2848 qua
370 2772 629 2828 sacrosanctum
643 2784 778 2829 sumere
786 2764 1125 2847 debuitmysterium,

177 2864 396 2947 particulam,
411 2883 515 2946 quam
528 2863 635 2947 juxta
650 2883 779 2927 morem
802 2864 838 2925 in
863 2863 1004 2926 calicem
1027 2865 1126 2929 mise·

177 2971 244 3039 rat,
273 2965 309 3026 in
338 2963 482 3027 sormam
511 2963 599 3027 adeo
624 2963 758 3045 nigram
782 2962 870 3027 vidit
896 2962 1126 3041 immutatam,

177 3062 268 3146 quod
291 3063 377 3146 picis
400 3063 550 3127 colorem
571 3065 807 3145 potiusquam
824 3063 926 3145 panis
948 3071 983 3126 et
1001 3063 1072 3127 vini
1089 3064 1126 3126 in

177 3163 284 3227 calice
297 3163 523 3246 conspiceret.
562 3161 762 3245 Presbyter,
776 3169 910 3226 reatum
927 3180 1027 3225 suum
1044 3182 1124 3226 con·

176 3370 262 3405 cessor
278 3355 304 3403 in
320 3355 363 3402 the
383 3369 425 3403 see
441 3352 471 3402 oi
483 3353 599 3412 London,
614 3358 639 3402 to
666 3354 720 3402 also
732 3353 800 3402 Flor.
811 3353 861 3402 sud
873 3353 1044 3416 Ingulpb,tbe
1054 3354 1129 3404 latter

176 3426 259 3475 whom
286 3424 329 3474 the
355 3423 507 3485 arebbishop
537 3423 640 3473 refused
665 3422 1127 3486 oiwbomussignstbesollowingree·

177 3495 358 3545 consecration.
666 3508 711 3541 son
722 3493 800 3541 forits
806 3494 946 3554 romissi0n‚
957 3496 1065 3555 namely,
1074 3494 1129 3543 that

214 3562 220 3592 ¹
238 3563 396 3625 wiseram]
415 3563 457 3611 He
476 3576 532 3612 was
553 3562 640 3611 alsoa
666 3563 803 3625 Eadward,
814 3564 891 3625 going
898 3564 951 3611 into
959 3562 1001 3612 the
1012 3568 1129 3624 treusmy

179 3635 301 3695 Norman,
317 3634 367 3682 end
379 3646 432 3680 was
448 3632 566 3693 expelled
577 3632 639 3681 with
665 3632 750 3681 where
761 3632 803 3682 the
814 3647 903 3693 money
916 3648 971 3682 was
988 3633 1129 3695 deposited,

177 3703 219 3752 the
238 3703 383 3764 preceding,
393 3703 439 3750 but
457 3703 542 3763 owing
558 3707 584 3750 to
601 3702 640 3750 bis
665 3703 715 3751 had
727 3718 785 3751 seen
797 3703 839 3751 the
855 3703 923 3751 devil
933 3703 1044 3764 duucing
1061 3719 1129 3765 upon

180 3779 251 3834 great
266 3772 346 3820 worth
364 3786 418 3820 was
437 3771 554 3820 recalled.
598 3773 640 3821 He
665 3774 694 3834 it,
712 3772 865 3834 whereupon
883 3772 914 3821 be
930 3773 1036 3822 ordered
1055 3774 1076 3821 it
1094 3773 1129 3821 all

180 3857 234 3890 was
258 3846 358 3902 present
381 3845 408 3888 at
429 3841 471 3889 the
493 3842 593 3889 council
615 3841 644 3890 oi
665 3847 691 3890 to
715 3843 747 3890 be
774 3842 889 3891 restored·
909 3848 935 3890 to
958 3843 1000 3891 tbe
1022 3841 1129 3904 riglrtt'nl

179 3911 283 3961 london
300 3911 326 3957 in
345 3913 419 3967 1070,
436 3911 461 3957 in
477 3909 560 3959 which
580 3925 641 3970 year
665 3926 780 3970 owners;
797 3927 823 3972 p.
835 3916 876 3960 06.

180 3982 211 4030 be
223 3983 245 4029 is
257 3980 384 4041 supposed
396 3984 421 4026 to
432 3977 495 4027 have
506 3979 575 4029 died.
701 3980 711 4007 ⁴
723 3980 849 4042 Kimissa]
868 3980 909 4029 lle
927 3980 987 4028 died
1006 3986 1033 4028 st
1051 3979 1131 4039 Yorlr,

214 4045 310 4116 ²[ilfi]
339 4050 380 4096 lle
398 4062 453 4096 wus
473 4047 561 4096 driven
579 4048 640 4097 irom
667 4049 709 4098 the
732 4050 798 4098 22ηο
822 4050 963 4099 December
982 4054 1053 4108 1000,
1080 4050 1131 4098 and

180 4121 310 4170 bisseein
323 4122 397 4166 1052.
669 4134 722 4167 was
750 4119 839 4168 buried
872 4123 899 4167 ut
926 4118 1132 4181 l'etcrborough;

214 4189 259 4238 'A
277 4187 422 4250 grauissimo
440 4187 585 4250 vectigale]
609 4189 642 4237 So
671 4189 736 4237 Flor.
