2888 4852
437 408 576 457 anonas
600 407 870 459 ursronrssuu.
1072 394 1136 461 161

184 582 285 648 quem
300 585 371 631 non
385 566 452 631 rite
467 567 512 632 ad
527 567 780 632 Eboracensem
802 567 1136 651 archiepiscopatum

183 673 379 748 promotum
398 675 623 749 cognoverat,
652 666 858 750 degradavit
883 676 918 732 et
933 668 1135 735 Wilfridum

183 764 312 850 injuste
326 768 510 850 expulsum
527 767 715 834 revocavit.
768 762 904 833 ¹Cedda
917 788 1000 832 vero
1024 767 1135 832 humi.

183 863 261 930 liter
284 866 410 932 cedens
426 867 721 933 Licheseidensem
745 868 985 952 episcopatum
1007 889 1132 952 regen-

183 963 264 1033 dum
278 968 447 1052 suscepit.

504 1121 591 1186 Noto
598 1119 817 1207 prodit-ionae.

229 1241 337 1310 Anno
354 1246 476 1328 gratiae
498 1263 654 1311 ocnxrx.
682 1245 856 1311 Constans
884 1245 1073 1327 imperator
1093 1244 1130 1308 in
1144 1263 1253 1355 dm·

181 1342 305 1409 balneo
321 1346 468 1411 multum
483 1346 613 1412 nefarie
636 1366 658 1410 a
680 1345 753 1410 suis
775 1345 990 1410 interficitur.
1044 1344 1254 1409 Postumum.

180 1442 281 1533 enjus
295 1444 485 1524 decessum,
498 1447 626 1513 milites
640 1440 859 1510 ²Mizentium
877 1444 1047 1528 quendam
1059 1444 1128 1510 Ar·

181 1545 331 1609 menium
358 1554 572 1611 assumentes
596 1547 840 1629 imperatorem
860 1545 1037 1623 fecerunt3
1069 1545 1129 1609 sed

180 1650 260 1725 post
287 1643 362 1709 dies
392 1664 522 1728 paucos
551 1645 813 1722 Constantinus,
843 1643 1046 1709 Constantis
1069 1643 1130 1708 de·

179 1740 290 1807 functi
316 1744 419 1824 filius,
432 1745 679 1829 superveniens
702 1745 906 1809 Minentium
932 1743 1129 1827 praefatum,

179 1860 257 1906 oum
279 1843 557 1911 interfectoribus
581 1846 703 1928 patris,
725 1852 836 1910 morte
867 1844 1017 1928 pessima
1046 1864 1128 1909 con·

178 1941 365 2009 damnavit.
417 1944 520 2011 Circa
544 1945 608 2011 hos
637 1944 785 2028 denique
809 1944 882 2008 dies
908 1945 1128 2009 Mahumetes
1141 1961 1257 2053 32⁸2&

177 2042 508 2129 pseudo-propheta,
533 2045 577 2111 de
599 2065 669 2130 quo
692 2039 870 2129 ’superius
892 2044 1039 2109 relatam
1062 2052 1128 2122 est,

179 2142 265 2209 obiit
281 2150 318 2208 et
334 2145 493 2229 sepultus
509 2154 564 2211 est
580 2146 616 2210 in
633 2144 778 2211 inferno.

196 2283 437 2361 wammam
450 2294 626 2359 &monum
640 2294 769 2381 adeptus
781 2293 947 2379 irrependum
961 2291 1097 2357 banaeim

427 2391 701 2460 Mouothelitorruu
714 2393 876 2459 maios.

225 2514 334 2583 Anno
353 2516 478 2602 gratia
498 2537 638 2585 ncaxx.
655 2514 877 2585 ⁶Adeodatus
898 2517 988 2583 sedit
1010 2517 1046 2582 in
1069 2537 1126 2582 ea·
1139 2536 1249 2578 aneo.

176 2616 300 2683 thedra
313 2618 476 2685 Romana
488 2620 588 2685 annis
605 2627 767 2702 quatuor,
784 2618 959 2683 mensibus
977 2617 1124 2695 duobus,

177 2717 298 2783 diebus
321 2719 486 2804 quinque,
503 2727 540 2785 et
562 2720 713 2786 cessavit
728 2719 828 2784 sedes
848 2718 1023 2782 mensibus
1039 2737 1124 2800 qua·

177 2824 257 2883 tuor
278 2826 315 2884 et
337 2818 458 2886 diebus
491 2820 698 2905 quindecim.
751 2818 882 2884 Eodem
913 2837 1005 2883 anno
1031 2817 1123 2882 Con·
1136 2837 1288 2883 anmoins·

176 2918 364 2998 staminas,
388 2919 591 2985 Constantis
624 2920 728 2999 filine,
753 2919 950 2985 Romanum
978 2917 1124 3001 adeptus
1136 2899 1240 2941 'W'

175 3017 357 3103 imperinm
375 3020 474 3084 annis
490 3019 723 3104 septendecim
736 3019 931 3103 imperavit.
983 3018 1054 3082 Hie
1071 3038 1125 3083 re·

175 3120 349 3185 stupravit
369 3120 545 3199 ecclesias,
559 3139 637 3205 quae
653 3121 777 3184 dirutae
795 3118 934 3183 fuerant
949 3137 971 3182 a
991 3125 1125 3201 tempo-

175 3220 271 3285 ribus
285 3218 443 3285 Heraclii
464 3222 586 3304 proavi
610 3221 686 3300 sui;
721 3218 1030 3283 Monothelitarum
1052 3217 1125 3282 hee·

175 3318 277 3384 resim
300 3338 378 3385 cum
401 3320 475 3384 suis
496 3320 690 3385 fautoribus
713 3320 914 3383 subvertere
940 3316 1124 3383 laboravit.

175 3417 305 3485 Eodem
336 3439 428 3485 anno
452 3412 621 3497 “Oswiua
650 3418 1035 3484 Northanhumbrorum
1062 3437 1125 3481 rex

210 3595 334 3659 medula]
346 3594 555 3646 Hediedindn.
573 3594 637 3646 Bed.
699 3591 894 3657 ‘Adsederam
922 3608 951 3642 or
973 3593 1125 3645 Densdedit.

176 3660 264 3731 §26⁹3
280 3664 340 3715 Aca
351 3664 398 3717 SS.
410 3665 488 3715 Mart.
499 3665 518 3716 i.
530 3682 557 3729 p.
568 3668 626 3718 143.
663 3664 779 3727 Sigebert
798 3665 884 3725 places
907 3663 949 3712 the
971 3678 1126 3713 commence-

208 3732 221 3765 '
241 3733 388 3785 Minatium
409 3735 556 3800 prendant]
584 3736 638 3784 'l'he
663 3733 771 3783 mentes
786 3734 826 3783 his
844 3748 944 3795 papaey
955 3734 980 3781 in
992 3733 1043 3782 this
1055 3748 1124 3794 year,

174 3808 262 3855 events
271 3803 332 3855 here
343 3805 441 3855 elaad
451 3804 512 3855 took
523 3806 597 3868 piace
611 3806 637 3854 in
665 3802 790 3853 Batonius
808 3818 855 3853 one
875 3818 936 3866 year
954 3804 1061 3863 earlier3
1077 3805 1125 3853 but

173 3873 217 3925 tue
238 3875 359 3937 previous
378 3888 449 3939 year.
488 3875 582 3926 Barea.
605 3876 638 3924 ad
664 3873 730 3936 Pagi
747 3873 820 3923 dates
836 3873 877 3922 his
893 3873 999 3923 electiori
1014 3873 1056 3921 the
1073 3874 1123 3922 find

174 3942 345 4012 sn.⁰ds,§1.
664 3943 815 4007 Aprilti'123
832 3942 865 3992 ad
877 3957 917 3995 an.
929 3941 1046 4009 sau,§4.

208 4011 373 4079 waurin]
389 4014 421 4065 In
440 4014 482 4064 the
501 4030 563 4077 year
580 4018 639 4078 Μ,

175 4099 203 4149 p.
214 4088 272 4135 128.
698 4080 709 4114 ⁸
730 4084 850 4147 oswio]
876 4083 918 4132 He
938 4082 1009 4142 died,
1024 4082 1127 4130 aeeord·

209 4154 424 4219 mesimiana]
436 4154 479 4205 the
495 4154 573 4217 third,
584 4169 638 4204 sur·
664 4154 707 4217 ing
719 4158 745 4203 to
758 4155 888 4215 morenos,
899 4167 932 4201 on
944 4152 987 4200 the
1002 4151 1061 4201 leth
1079 4151 1127 4201 Fe·

175 4224 435 4289 namedl’agonatur.
664 4224 766 4285 braary.

226 4316 307 4366 Vola.
323 4318 348 4366 Ι.
950 4313 975 4359 Μ
