2888 4852
361 405 406 470 20
610 421 743 471 nonunt
772 423 819 470 nu
842 420 1056 471 wunnovnn„

362 579 497 644 sianum
520 588 556 644 et
571 578 862 662 Uterpendragon
884 577 1025 643 fratrem
1047 575 1136 662 ejus,
1159 574 1219 658 qui
1240 592 1326 656 prae,

363 679 700 762 timoreVortigemi
715 679 797 744 illuc
814 680 909 744 missi
925 678 1075 756 fuerant,
1086 676 1315 751 destinantes,

365 780 629 862 postulaverunt
650 780 812 844 obnixius
834 786 869 844 et
892 780 1075 855 instanter,
1096 784 1136 841 ut
1154 775 1315 841 celeriter

365 900 410 944 ex
434 887 549 945 tractu
573 879 801 944 Armoricauo
820 879 865 943 ad
892 879 970 943 illos
990 878 1180 955 venientes,
1200 874 1314 939 Saxo·

366 980 466 1043 nibus
481 989 517 1044 et
532 1000 614 1062 rege
625 980 836 1062 Vortigerno
850 979 1017 1062 expulsis,
1035 976 1226 1042 Britanniae
1238 993 1316 1039 sus-

366 1080 521 1162 ciperent
546 1079 715 1145 diadema.
778 1078 828 1145 At
854 1079 906 1144 illi
930 1078 1006 1164 jam
1036 1077 1166 1143 adultae
1197 1075 1315 1140 aetatis

367 1180 570 1258 existentes,
600 1181 668 1244 iter
703 1199 803 1244 suum
833 1179 973 1263 perinde
998 1198 1075 1244 cum
1106 1176 1253 1242 navibus
1279 1181 1317 1239 et

330 1303 343 1334 ο
368 1280 511 1344 armatis
541 1279 708 1345 militibus
733 1288 966 1363 paraverunt3
993 1278 1087 1362 quod
1109 1277 1168 1341 ubi
1195 1275 1317 1339 Vorti-

204 1355 268 1435 fdn'·
289 1356 299 1385 ⁸
332 1355 345 1384 ⁰
367 1400 476 1462 gerno
492 1381 565 1463 regi
587 1381 783 1445 nuntiatum
798 1379 932 1459 suisset,
947 1379 1082 1446 vocatis
1098 1376 1209 1459 magis
1230 1375 1317 1453 suis,

369 1479 531 1563 quaesivit
557 1481 601 1544 ab
629 1480 685 1559 iis,
708 1480 791 1563 quid
821 1480 888 1545 sibi
916 1480 952 1544 in
978 1479 1042 1544 tali
1072 1485 1199 1544 eventu
1226 1474 1317 1541 soret

368 1580 562 1663 agendum3
591 1581 651 1664 qui
675 1580 923 1664 respondentes
948 1580 1115 1644 dederunt
1144 1577 1176 1642 ei
1204 1577 1320 1641 consi·

367 1679 464 1759 lium,
479 1689 520 1745 ut
536 1681 657 1745 turrim
676 1679 899 1746 fortissimam
924 1679 1122 1755 aedificaret,
1136 1697 1215 1761 quse
1239 1695 1318 1741 sese

369 1799 520 1864 suosque
559 1801 581 1847 a
611 1781 732 1846 mortis
764 1779 961 1846 discrimine
988 1786 1155 1845 tueretur.
1207 1776 1317 1841 Pera·

368 1881 478 1963 gratis
494 1880 602 1964 igitur
612 1882 805 1965 quibusque
828 1880 1027 1963 provinciis,
1045 1887 1085 1944 ut
1099 1878 1213 1943 locum
1235 1897 1319 1942 con-

369 2000 492 2062 gruum
515 1981 697 2058 inveniret,
715 1982 810 2046 venit
826 1980 964 2046 tandem
988 1979 1032 2044 ad
1055 1986 1207 2043 montem
1225 1977 1318 2054 Erir,

369 2079 428 2144 ubi
450 2080 564 2144 locum
590 2100 792 2162 congruum,
818 2089 857 2145 ut
880 2081 946 2145 sibi
960 2080 1154 2157 videbatur,
1170 2077 1317 2143 invenit.

371 2178 604 2262 congregatis
628 2181 747 2264 itaque
763 2200 808 2244 ex
830 2181 975 2245 diversis
992 2180 1149 2263 partibus
1170 2197 1318 2242 caemen÷

370 2279 482 2357 tariis,
506 2278 614 2364 jussit
643 2280 797 2345 construi
822 2281 967 2361 turrim3
998 2279 1109 2345 atilli
1143 2298 1165 2343 a
1192 2277 1317 2357 fund&

370 2386 488 2444 mento
503 2379 718 2462 incipientes,
733 2381 899 2464 ‚quicquid
915 2400 985 2446 una
1001 2381 1057 2446 die
1074 2379 1319 2464 operabantur,

369 2488 471 2544 nocte
487 2481 645 2562 sequenti
659 2481 762 2545 tellus
777 2482 996 2546 absorbebat.
1050 2510 1053 2514 ·

263 2603 306 2633 rw
336 2615 345 2624 -
420 2578 653 2663 Vortigernus
676 2601 759 2646 vero
786 2600 808 2645 a
832 2583 945 2664 magis
970 2599 1110 2646 causam
1140 2577 1318 2662 inquirens

207 2653 245 2683 '⁶'
370 2679 493 2758 ruinae,
511 2680 771 2760 consuluerunt,
788 2689 827 2746 ut
836 2682 1001 2767 juvenem
1018 2680 1093 2745 sine
1108 2686 1207 2763 patre
1222 2698 1318 2761 quse*

367 2788 472 2858 reret,
495 2787 534 2844 ut
554 2782 724 2863 sanguine
753 2782 861 2864 ipsius
887 2788 1092 2847 caementum
1126 2787 1161 2844 et
1185 2777 1319 2862 lapides

369 2887 650 2962 aspergerentur,
679 2888 720 2946 ut
751 2901 838 2965 opus
869 2882 1045 2965 inceptum
1078 2881 1182 2944 robur
1212 2878 1318 2942 firmi-

369 2979 454 3044 tatis
493 2981 674 3046 obtineret.
735 2981 812 3049 Nec
845 3001 956 3059 mora,
986 2981 1094 3063 legati
1133 2979 1319 3044 mittuntur

367 3078 414 3142 ad
443 3079 598 3159 diversas
632 3082 842 3164 provincias,
873 3089 914 3146 ut
938 3081 1043 3146 talem
1069 3080 1235 3165 juvenem
1264 3080 1317 3142 in·

369 3179 537 3244 venirent.
605 3179 796 3246 Venientes
824 3181 964 3247 tandem
997 3180 1041 3244 ad
1073 3181 1206 3257 urbem,
1239 3197 1318 3262 quae

368 3284 506 3360 postea¹
523 3273 771 3355 ¹Kaermerdin
803 3279 869 3356 suit
899 3288 1110 3364 nuncupata,
1136 3298 1318 3361 ‚conspex-

369 3386 470 3443 erunt
491 3378 578 3443 duos
596 3379 745 3463 juvenes
767 3380 958 3464 litigantes,
973 3400 1120 3464 quorum
1148 3380 1237 3444 alter
1258 3398 1316 3443 so·

368 3477 422 3543 cio
464 3498 528 3544 suo
566 3480 838 3563 improperabat,
869 3481 999 3559 dicens,
1029 3479 1144 3558 ‘Quid
1182 3497 1316 3543 mecum

368 3578 562 3656 contendis,
591 3579 711 3646 fetuel
764 3581 942 3664 Numquid
966 3587 1005 3644 tu
1028 3580 1104 3644 sine
1130 3585 1230 3662 patre
1253 3598 1317 3643 na·

368 3685 427 3742 tus
441 3697 526 3743 meae
543 3680 717 3746 nobilitati
731 3681 904 3765 parificari
919 3681 1062 3765 poteris,
1079 3679 1140 3761 qui
1162 3678 1206 3743 de
1220 3679 1316 3762 regio

366 3797 496 3860 genere
526 3788 637 3857 ortus,
669 3801 715 3845 ex
751 3788 899 3865 utraque
933 3779 1069 3863 generis
1099 3779 1167 3844 mei
1205 3786 1317 3862 parte,

368 3876 482 3942 clarus
510 3879 756 3962 resplendeol’
806 3880 857 3946 At
885 3880 999 3945 nuntii
1024 3881 1167 3946 verbum
1193 3879 1316 3964 hujus-

643 4194 649 4225 ¹
663 4196 847 4270 Kuermerdin]
866 4197 1038 4248 Garmartben.
