2888 4852
347 388 414 454 378
603 405 737 454 nocrar
762 406 809 452 nn
832 405 1040 456 wunnovnu

348 565 492 647 dignum
514 564 651 656 videtur
673 564 718 629 ad
743 563 897 628 historiae
917 562 1123 642 claritatem,
1146 570 1187 629 ut
1206 557 1300 648 ¹ejus

349 664 587 747 genealogiam
610 665 707 728 brevi
733 664 871 747 epilogo
898 665 1184 746 perstringamus.
1234 663 1298 728 Ja-

349 763 445 847 phet,
462 766 585 830 tertius
606 764 685 829 Noe
702 764 806 840 filius,
822 763 929 826 filium
949 764 1081 844 genuit,
1097 783 1199 846 quem
1215 764 1298 828 Ma-

349 884 419 947 gog
435 865 637 948 appellavit,
654 864 753 947 cujus
771 862 923 927 Gothica
939 865 1123 945 progenies
1139 864 1182 928 de
1201 864 1297 928 simi·

348 963 494 1029 litudine
518 965 650 1029 ultimae
680 964 825 1046 syllabae
853 963 988 1045 paterni
1018 963 1167 1027 nominis
1191 983 1296 1027 voca-

347 1062 465 1127 bulum
493 1063 647 1141 trahone,
670 1063 757 1127 duos
783 1082 829 1126 ex
858 1082 895 1127 se
921 1061 1117 1127 Gothorum
1149 1063 1297 1146 populos

347 1164 452 1226 armis
476 1163 732 1227 robustissimos
757 1161 935 1245 produxit.
980 1162 1037 1227 Ex
1059 1163 1184 1246 quibus
1205 1181 1297 1226 unus

346 1261 525 1344 Scythiam
547 1264 744 1328 ulteriorem
765 1261 933 1326 invadens
948 1263 1144 1344 occupavit,
1159 1269 1194 1326 et
1213 1281 1296 1327 con·

346 1367 402 1424 tra
427 1382 526 1444 reges
548 1362 723 1445 AEgyptos
750 1361 842 1425 bella
866 1360 1059 1425 diutissime
1083 1363 1293 1443 attentavit3

345 1479 492 1542 quorum
521 1481 649 1526 uxores
679 1461 898 1544 postmodum
926 1459 1122 1525 Amazones
1146 1469 1295 1540 vocatae,

345 1559 543 1625 diuturnam
568 1563 720 1625 virorum
743 1579 884 1624 suorum
914 1560 1041 1625 ibidem
1064 1580 1196 1629 moram
1219 1581 1294 1626 mo·

345 1659 432 1725 leste
464 1661 625 1738 serentes,
658 1679 776 1725 eorum
815 1660 997 1743 repudiata
1026 1661 1164 1743 copula,
1196 1680 1294 1725 arma

345 1768 543 1842 capessunt,
564 1761 651 1824 duas
677 1761 815 1842 reginas
839 1761 972 1824 caeteris
998 1760 1199 1825 audaciores
1224 1761 1293 1824 sibi

344 1868 601 1941 praerogantes;
628 1879 719 1941 quae,
739 1860 871 1923 dextris
893 1860 1054 1923 mamillis
1079 1861 1123 1923 ob
1145 1861 1293 1924 telorum

338 1958 457 2042 jactus
483 1959 628 2037 adustis,
656 1967 766 2024 totam
789 1957 911 2022 Asiam
935 1979 1111 2039 aggressae
1138 1967 1230 2036 sunt,
1257 1968 1292 2024 et

343 2077 406 2141 per
429 2067 568 2123 centum
593 2059 664 2123 iere
692 2078 861 2123 annorum
888 2059 1059 2122 curricula
1084 2060 1291 2140 gravissimo

342 2177 419 2222 eam
441 2159 687 2223 dominationis
712 2159 800 2242 jugo
827 2158 1044 2223 domuerunt.
1093 2158 1196 2223 Alter
1219 2158 1292 2223 Go-

343 2257 479 2323 thorum
502 2259 663 2341 populus,
678 2279 723 2322 ex
740 2258 874 2322 Scanza
894 2258 1009 2321 insula
1030 2277 1108 2322 cum
1123 2277 1187 2322 suo
1208 2279 1291 2341 rege

343 2356 451 2439 Berig
473 2359 610 2421 nomine
632 2377 804 2440 egressus,
818 2376 902 2421 mox
924 2358 1071 2422 navibus
1093 2359 1235 2440 egressi,
1251 2367 1291 2423 ut

343 2450 471 2520 terram
501 2459 705 2538 attigerunt,
733 2457 901 2521 Scanzam
927 2458 1004 2521 loco
1034 2476 1160 2521 nomen
1187 2457 1290 2521 dede-

342 2564 435 2635 runt,
464 2558 508 2621 ob
537 2558 736 2621 memoriam
767 2564 868 2621 terrae
891 2556 934 2620 de
959 2576 1028 2640 qua
1053 2565 1288 2637 recesserunt3

340 2655 490 2739 indeque
506 2657 672 2720 remotius
689 2665 869 2734 exeuntes,
887 2655 1113 2721 Germanicos
1136 2657 1233 2720 sinus
1255 2666 1291 2721 et

341 2756 485 2837 paludes
504 2756 689 2820 Maeotidas
711 2758 925 2833 invaserunt,
943 2756 1109 2838 plurimas
1131 2757 1290 2837 regiones

341 2856 611 2939 circumquaque
646 2863 868 2939 occupantes,
910 2874 1056 2938 quarum
1095 2857 1210 2919 Dania
1252 2865 1289 2921 et

342 2954 533 3038 Norwegia
554 2957 682 3021 multos
704 2963 827 3040 postea
855 2975 955 3037 reges
984 2956 1134 3038 inclytos
1157 2956 1286 3019 habue-

342 3064 423 3120 runt
450 3064 484 3120 et
506 3064 678 3138 potentes.
742 3055 808 3119 Isti
830 3055 981 3119 Martem
1005 3055 1106 3118 deum
1130 3055 1222 3139 apud
1250 3076 1288 3119 se

340 3163 502 3220 exortum
524 3156 727 3238 praedicant,
745 3174 847 3237 quem
872 3154 1014 3219 humani
1036 3157 1215 3237 sanguinis
1237 3155 1288 3219 ef·

340 3254 475 3319 fusione
507 3255 645 3337 placare
674 3256 843 3320 curabant
860 3273 869 3334 3
888 3254 1038 3336 'jactant
1066 3256 1171 3318 etiam
1201 3254 1289 3318 Tro-

334 3352 440 3436 janos
466 3374 511 3417 ex
538 3374 602 3418 sua
631 3355 738 3437 stirpe
765 3355 987 3437 processisse,
1008 3353 1289 3438 Antenoremque

340 3454 384 3516 ab
400 3454 495 3516 urbis
515 3454 650 3517 excidio
668 3453 844 3535 aufugisse
869 3454 912 3516 ob
930 3453 1158 3536 proditionem
1179 3455 1223 3517 ab
1245 3474 1287 3519 eo

338 3559 585 3633 perpetratam,
612 3555 706 3617 etin
729 3552 952 3617 Germaniam
980 3553 1200 3635 applicuisse,
1228 3554 1288 3636 qui

338 3652 558 3732 postmodum
579 3652 614 3715 in
633 3652 749 3716 Dania
770 3653 844 3717 sive
862 3652 1116 3716 Danemarchia
1138 3673 1288 3734 regnans

338 3750 381 3814 de
412 3752 548 3815 nomine
580 3772 643 3816 suo
683 3753 871 3836 provinciae
902 3772 1026 3816 nomen
1055 3752 1161 3816 dedit.
1218 3753 1288 3817 His

338 3870 476 3933 quoque
505 3851 547 3914 de
576 3852 702 3930 causis,
733 3873 778 3916 ex
809 3852 935 3915 Gothis
963 3853 1131 3933 originem
1161 3852 1287 3916 hahere

338 3958 528 4014 noscuntur
552 3950 657 4028 Dani,
682 3952 742 4034 qui
769 3953 877 4016 tantis
907 3959 987 4034 post
1019 3951 1144 4014 ibidem
1171 3952 1288 4016 adole·

355 4195 434 4258 ’Βάκι
442 4200 609 4261 genealogium
616 4201 639 4263 ,·]
657 4201 734 4251 taken
745 4201 807 4250 from
820 4201 933 4253 Williem
944 4201 973 4252 ol
981 4200 1124 4263 Jumieges,
1135 4202 1153 4252 i.
1166 4199 1191 4268 ἢ
1203 4207 1228 4265 ⁸,
1239 4208 1264 4253 4.
