<?xml version="1.0" encoding="UTF-8"?>
<!DOCTYPE html PUBLIC "-//W3C//DTD XHTML 1.0 Transitional//EN"
    "http://www.w3.org/TR/xhtml1/DTD/xhtml1-transitional.dtd">
<html xmlns="http://www.w3.org/1999/xhtml" xml:lang="en" lang="en">
 <head>
  <title>
</title>
<meta http-equiv="Content-Type" content="text/html;charset=utf-8" />
  <meta name='ocr-system' content='tesseract 3.04.00' />
  <meta name='ocr-capabilities' content='ocr_page ocr_carea ocr_par ocr_line ocrx_word'/>
</head>
<body>
  <div class='ocr_page' id='page_1' title='image "./rogeridewendove04rogegoog_0054.png"; bbox 0 0 2888 4852; ppageno 0'>
   <div class='ocr_carea' id='block_1_1' title="bbox 436 419 1124 485">
    <p class='ocr_par' dir='ltr' id='par_1_1' title="bbox 436 419 1124 485">
     <span class='ocr_line' id='line_1_1' title="bbox 436 419 1124 485; baseline 0.006 -5"><span class='ocrx_word' id='word_1_1' title='bbox 436 432 575 482; x_wconf 81' lang='lat' dir='ltr'><strong>rnoans</strong></span> <span class='ocrx_word' id='word_1_2' title='bbox 599 434 869 485; x_wconf 78' lang='lat' dir='ltr'><strong>ursronranuu.</strong></span> <span class='ocrx_word' id='word_1_3' title='bbox 1082 419 1124 484; x_wconf 92' lang='lat' dir='ltr'><strong>ll</strong></span> 
     </span>
    </p>
   </div>
   <div class='ocr_carea' id='block_1_2' title="bbox 173 589 1263 2175">
    <p class='ocr_par' dir='ltr' id='par_1_2' title="bbox 173 589 1253 1074">
     <span class='ocr_line' id='line_1_2' title="bbox 173 589 1253 675; baseline 0.003 -22"><span class='ocrx_word' id='word_1_4' title='bbox 173 589 292 654; x_wconf 87' lang='lat' dir='ltr'><strong>decem</strong></span> <span class='ocrx_word' id='word_1_5' title='bbox 308 597 344 654; x_wconf 89' lang='lat' dir='ltr'><strong>et</strong></span> <span class='ocrx_word' id='word_1_6' title='bbox 353 597 431 655; x_wconf 91' lang='lat' dir='ltr'><strong>octo</strong></span> <span class='ocrx_word' id='word_1_7' title='bbox 445 608 553 655; x_wconf 88' lang='lat' dir='ltr'><strong>naves</strong></span> <span class='ocrx_word' id='word_1_8' title='bbox 564 590 683 656; x_wconf 89' lang='lat' dir='ltr'><strong>electis</strong></span> <span class='ocrx_word' id='word_1_9' title='bbox 698 591 864 656; x_wconf 89' lang='lat' dir='ltr'><strong>militibus</strong></span> <span class='ocrx_word' id='word_1_10' title='bbox 875 591 1005 675; x_wconf 89' lang='lat' dir='ltr'><strong>plenas.</strong></span> <span class='ocrx_word' id='word_1_11' title='bbox 1030 593 1123 658; x_wconf 90' lang='lat' dir='ltr'><strong>Con·</strong></span> <span class='ocrx_word' id='word_1_12' title='bbox 1136 616 1220 656; x_wconf 71' lang='lat' dir='ltr'><strong>amm</strong></span> <span class='ocrx_word' id='word_1_13' title='bbox 1229 617 1253 657; x_wconf 69' lang='lat' dir='ltr'><strong>or</strong></span> 
     </span>
     <span class='ocr_line' id='line_1_3' title="bbox 174 667 1241 774; baseline 0.004 -21"><span class='ocrx_word' id='word_1_14' title='bbox 174 690 351 756; x_wconf 86' lang='lat' dir='ltr'><strong>duxerunt</strong></span> <span class='ocrx_word' id='word_1_15' title='bbox 373 691 479 754; x_wconf 88' lang='lat' dir='ltr'><strong>etiam</strong></span> <span class='ocrx_word' id='word_1_16' title='bbox 504 691 610 755; x_wconf 85' lang='lat' dir='ltr'><strong>tiliam</strong></span> <span class='ocrx_word' id='word_1_17' title='bbox 634 690 811 774; x_wconf 82' lang='lat' dir='ltr'><strong>Hengisti,</strong></span> <span class='ocrx_word' id='word_1_18' title='bbox 827 692 998 757; x_wconf 88' lang='lat' dir='ltr'><strong>vocabulo</strong></span> <span class='ocrx_word' id='word_1_19' title='bbox 1025 667 1241 757; x_wconf 37' lang='grc' dir='ltr'><strong>Ποῦ-Νι</strong></span> 
     </span>
     <span class='ocr_line' id='line_1_4' title="bbox 175 790 1123 874; baseline 0.004 -21"><span class='ocrx_word' id='word_1_20' title='bbox 175 810 264 867; x_wconf 85' lang='lat' dir='ltr'><strong>wen,</strong></span> <span class='ocrx_word' id='word_1_21' title='bbox 298 790 399 874; x_wconf 90' lang='lat' dir='ltr'><strong>cujus</strong></span> <span class='ocrx_word' id='word_1_22' title='bbox 426 790 682 873; x_wconf 83' lang='lat' dir='ltr'><strong>pulchritudine</strong></span> <span class='ocrx_word' id='word_1_23' title='bbox 710 791 942 874; x_wconf 81' lang='lat' dir='ltr'>vortigernus</span> <span class='ocrx_word' id='word_1_24' title='bbox 973 792 1123 870; x_wconf 87' lang='lat' dir='ltr'><strong>illectus,</strong></span> 
     </span>
     <span class='ocr_line' id='line_1_5' title="bbox 175 890 1123 975; baseline 0.005 -22"><span class='ocrx_word' id='word_1_25' title='bbox 175 890 368 972; x_wconf 85' lang='lat' dir='ltr'><strong>postulavit</strong></span> <span class='ocrx_word' id='word_1_26' title='bbox 397 909 474 954; x_wconf 89' lang='lat' dir='ltr'><strong>eam</strong></span> <span class='ocrx_word' id='word_1_27' title='bbox 503 911 525 955; x_wconf 90' lang='lat' dir='ltr'><strong>a</strong></span> <span class='ocrx_word' id='word_1_28' title='bbox 555 898 656 974; x_wconf 90' lang='lat' dir='ltr'><strong>patre</strong></span> <span class='ocrx_word' id='word_1_29' title='bbox 689 911 777 971; x_wconf 90' lang='lat' dir='ltr'><strong>suo;</strong></span> <span class='ocrx_word' id='word_1_30' title='bbox 802 891 998 975; x_wconf 80' lang='lat' dir='ltr'><strong>Hengistus</strong></span> <span class='ocrx_word' id='word_1_31' title='bbox 1026 907 1123 972; x_wconf 83' lang='lat' dir='ltr'><strong>vero,</strong></span> 
     </span>
     <span class='ocr_line' id='line_1_6' title="bbox 174 990 1123 1074; baseline 0.002 -20"><span class='ocrx_word' id='word_1_32' title='bbox 174 997 353 1073; x_wconf 88' lang='lat' dir='ltr'><strong>comperta</strong></span> <span class='ocrx_word' id='word_1_33' title='bbox 374 990 481 1056; x_wconf 88' lang='lat' dir='ltr'><strong>animi</strong></span> <span class='ocrx_word' id='word_1_34' title='bbox 495 992 588 1074; x_wconf 75' lang='lat' dir='ltr'><strong>regis</strong></span> <span class='ocrx_word' id='word_1_35' title='bbox 612 992 766 1070; x_wconf 88' lang='lat' dir='ltr'><strong>levitate,</strong></span> <span class='ocrx_word' id='word_1_36' title='bbox 783 993 953 1058; x_wconf 84' lang='lat' dir='ltr'><strong>concessit</strong></span> <span class='ocrx_word' id='word_1_37' title='bbox 968 993 1000 1056; x_wconf 90' lang='lat' dir='ltr'><strong>ei</strong></span> <span class='ocrx_word' id='word_1_38' title='bbox 1016 993 1123 1056; x_wconf 90' lang='lat' dir='ltr'><strong>filiam</strong></span> 
     </span>
    </p>

    <p class='ocr_par' dir='ltr' id='par_1_3' title="bbox 174 1091 1122 1177">
     <span class='ocr_line' id='line_1_7' title="bbox 174 1091 1122 1177; baseline 0.004 -24"><span class='ocrx_word' id='word_1_39' title='bbox 174 1109 286 1155; x_wconf 87' lang='lat' dir='ltr'><strong>suam.</strong></span> <span class='ocrx_word' id='word_1_40' title='bbox 339 1091 491 1156; x_wconf 83' lang='lat' dir='ltr'><strong>Intravit</strong></span> <span class='ocrx_word' id='word_1_41' title='bbox 508 1092 626 1175; x_wconf 88' lang='lat' dir='ltr'><strong>itaque</strong></span> <span class='ocrx_word' id='word_1_42' title='bbox 644 1091 816 1156; x_wconf 87' lang='lat' dir='ltr'><strong>Sathanas</strong></span> <span class='ocrx_word' id='word_1_43' title='bbox 830 1093 867 1156; x_wconf 91' lang='lat' dir='ltr'><strong>in</strong></span> <span class='ocrx_word' id='word_1_44' title='bbox 881 1112 941 1157; x_wconf 91' lang='lat' dir='ltr'><strong>cor</strong></span> <span class='ocrx_word' id='word_1_45' title='bbox 958 1092 1046 1177; x_wconf 86' lang='lat' dir='ltr'><strong>ejus,</strong></span> <span class='ocrx_word' id='word_1_46' title='bbox 1062 1094 1122 1176; x_wconf 89' lang='lat' dir='ltr'><strong>qui</strong></span> 
     </span>
    </p>

    <p class='ocr_par' dir='ltr' id='par_1_4' title="bbox 174 1190 1123 1274">
     <span class='ocr_line' id='line_1_8' title="bbox 174 1190 1123 1274; baseline 0.002 -20"><span class='ocrx_word' id='word_1_47' title='bbox 174 1209 255 1254; x_wconf 92' lang='lat' dir='ltr'><strong>cum</strong></span> <span class='ocrx_word' id='word_1_48' title='bbox 273 1199 366 1256; x_wconf 86' lang='lat' dir='ltr'><strong>esset</strong></span> <span class='ocrx_word' id='word_1_49' title='bbox 382 1190 601 1257; x_wconf 84' lang='lat' dir='ltr'><strong>Christianus</strong></span> <span class='ocrx_word' id='word_1_50' title='bbox 618 1211 696 1256; x_wconf 87' lang='lat' dir='ltr'><strong>cum</strong></span> <span class='ocrx_word' id='word_1_51' title='bbox 713 1211 853 1274; x_wconf 81' lang='lat' dir='ltr'><strong>pagana</strong></span> <span class='ocrx_word' id='word_1_52' title='bbox 874 1193 967 1256; x_wconf 86' lang='lat' dir='ltr'><strong>coire</strong></span> <span class='ocrx_word' id='word_1_53' title='bbox 989 1191 1123 1257; x_wconf 85' lang='lat' dir='ltr'><strong>deside·</strong></span> 
     </span>
    </p>

    <p class='ocr_par' dir='ltr' id='par_1_5' title="bbox 175 1289 1263 1876">
     <span class='ocr_line' id='line_1_9' title="bbox 176 1289 1263 1376; baseline 0.001 -22"><span class='ocrx_word' id='word_1_54' title='bbox 176 1290 286 1355; x_wconf 90' lang='lat' dir='ltr'><strong>rabat.</strong></span> <span class='ocrx_word' id='word_1_55' title='bbox 303 1360 309 1370; x_wconf 28' lang='lat'>⁴</span> <span class='ocrx_word' id='word_1_56' title='bbox 339 1289 471 1375; x_wconf 88' lang='lat' dir='ltr'><strong>Nupsit</strong></span> <span class='ocrx_word' id='word_1_57' title='bbox 494 1293 613 1375; x_wconf 87' lang='lat' dir='ltr'><strong>itaque</strong></span> <span class='ocrx_word' id='word_1_58' title='bbox 632 1292 752 1356; x_wconf 89' lang='lat' dir='ltr'><strong>eadem</strong></span> <span class='ocrx_word' id='word_1_59' title='bbox 766 1299 868 1356; x_wconf 88' lang='lat' dir='ltr'><strong>nocte</strong></span> <span class='ocrx_word' id='word_1_60' title='bbox 883 1313 947 1356; x_wconf 85' lang='lat' dir='ltr'><strong>rex</strong></span> <span class='ocrx_word' id='word_1_61' title='bbox 963 1311 1124 1376; x_wconf 61' lang='lat' dir='ltr'><strong>paganae</strong></span> <span class='ocrx_word' id='word_1_62' title='bbox 1136 1314 1263 1356; x_wconf 59' lang='lat' dir='ltr'><strong>aermna-</strong></span> 
     </span>
     <span class='ocr_line' id='line_1_10' title="bbox 175 1376 1181 1475; baseline 0.003 -20"><span class='ocrx_word' id='word_1_63' title='bbox 175 1410 254 1473; x_wconf 83' lang='lat' dir='ltr'><strong>quae</strong></span> <span class='ocrx_word' id='word_1_64' title='bbox 271 1392 365 1456; x_wconf 90' lang='lat' dir='ltr'><strong>ultra</strong></span> <span class='ocrx_word' id='word_1_65' title='bbox 380 1391 519 1456; x_wconf 89' lang='lat' dir='ltr'><strong>modum</strong></span> <span class='ocrx_word' id='word_1_66' title='bbox 533 1392 686 1475; x_wconf 90' lang='lat' dir='ltr'><strong>placuit;</strong></span> <span class='ocrx_word' id='word_1_67' title='bbox 710 1391 802 1455; x_wconf 92' lang='lat' dir='ltr'><strong>unde</strong></span> <span class='ocrx_word' id='word_1_68' title='bbox 815 1391 1028 1457; x_wconf 83' lang='lat' dir='ltr'><strong>inimicitiam</strong></span> <span class='ocrx_word' id='word_1_69' title='bbox 1042 1412 1123 1475; x_wconf 90' lang='lat' dir='ltr'><strong>pro·</strong></span> <span class='ocrx_word' id='word_1_70' title='bbox 1135 1376 1181 1417; x_wconf 77' lang='lat'><strong>&#39;⁸⁰&#39;</strong></span> 
     </span>
     <span class='ocr_line' id='line_1_11' title="bbox 179 1490 1125 1557; baseline 0 -1"><span class='ocrx_word' id='word_1_71' title='bbox 179 1511 296 1556; x_wconf 85' lang='lat' dir='ltr'><strong>cerum</strong></span> <span class='ocrx_word' id='word_1_72' title='bbox 326 1499 363 1557; x_wconf 88' lang='lat' dir='ltr'><strong>et</strong></span> <span class='ocrx_word' id='word_1_73' title='bbox 391 1491 540 1557; x_wconf 89' lang='lat' dir='ltr'><strong>filiorum</strong></span> <span class='ocrx_word' id='word_1_74' title='bbox 570 1511 711 1556; x_wconf 89' lang='lat' dir='ltr'><strong>suorum</strong></span> <span class='ocrx_word' id='word_1_75' title='bbox 738 1492 895 1557; x_wconf 86' lang='lat' dir='ltr'><strong>incurrit.</strong></span> <span class='ocrx_word' id='word_1_76' title='bbox 947 1490 1125 1557; x_wconf 88' lang='lat' dir='ltr'><strong>Genuerat</strong></span> 
     </span>
     <span class='ocr_line' id='line_1_12' title="bbox 176 1591 1126 1676; baseline 0.002 -21"><span class='ocrx_word' id='word_1_77' title='bbox 176 1592 337 1675; x_wconf 91' lang='lat' dir='ltr'><strong>primitus</strong></span> <span class='ocrx_word' id='word_1_78' title='bbox 361 1591 451 1656; x_wconf 87' lang='lat' dir='ltr'><strong>iiiios</strong></span> <span class='ocrx_word' id='word_1_79' title='bbox 476 1593 519 1657; x_wconf 87' lang='lat' dir='ltr'><strong>de</strong></span> <span class='ocrx_word' id='word_1_80' title='bbox 544 1593 655 1658; x_wconf 88' lang='lat' dir='ltr'><strong>altera</strong></span> <span class='ocrx_word' id='word_1_81' title='bbox 681 1592 829 1676; x_wconf 84' lang='lat' dir='ltr'><strong>conjuge</strong></span> <span class='ocrx_word' id='word_1_82' title='bbox 857 1612 1004 1675; x_wconf 86' lang='lat' dir='ltr'><strong>quorum</strong></span> <span class='ocrx_word' id='word_1_83' title='bbox 1026 1600 1126 1657; x_wconf 89' lang='lat' dir='ltr'><strong>erant</strong></span> 
     </span>
     <span class='ocr_line' id='line_1_13' title="bbox 176 1686 1124 1773; baseline 0.003 -19"><span class='ocrx_word' id='word_1_84' title='bbox 176 1693 329 1769; x_wconf 89' lang='lat' dir='ltr'><strong>nomina,</strong></span> <span class='ocrx_word' id='word_1_85' title='bbox 358 1691 590 1770; x_wconf 88' lang='lat' dir='ltr'><strong>Vortimerus,</strong></span> <span class='ocrx_word' id='word_1_86' title='bbox 625 1691 852 1773; x_wconf 86' lang='lat' dir='ltr'><strong>Katigernus,</strong></span> <span class='ocrx_word' id='word_1_87' title='bbox 893 1686 1124 1757; x_wconf 88' lang='lat' dir='ltr'><strong>¹Pasccntius.</strong></span> 
     </span>
     <span class='ocr_line' id='line_1_14' title="bbox 178 1791 1125 1876; baseline 0.001 -21"><span class='ocrx_word' id='word_1_88' title='bbox 178 1791 311 1855; x_wconf 88' lang='lat' dir='ltr'><strong>Genuit</strong></span> <span class='ocrx_word' id='word_1_89' title='bbox 347 1792 452 1855; x_wconf 88' lang='lat' dir='ltr'><strong>etiam</strong></span> <span class='ocrx_word' id='word_1_90' title='bbox 479 1811 524 1856; x_wconf 84' lang='lat' dir='ltr'><strong>ex</strong></span> <span class='ocrx_word' id='word_1_91' title='bbox 556 1793 676 1857; x_wconf 87' lang='lat' dir='ltr'><strong>eadem</strong></span> <span class='ocrx_word' id='word_1_92' title='bbox 700 1792 848 1876; x_wconf 85' lang='lat' dir='ltr'><strong>conjuge</strong></span> <span class='ocrx_word' id='word_1_93' title='bbox 872 1792 992 1870; x_wconf 92' lang='lat' dir='ltr'><strong>filiam,</strong></span> <span class='ocrx_word' id='word_1_94' title='bbox 1021 1812 1125 1876; x_wconf 88' lang='lat' dir='ltr'><strong>quam</strong></span> 
     </span>
    </p>

    <p class='ocr_par' dir='ltr' id='par_1_6' title="bbox 176 1886 1128 2175">
     <span class='ocr_line' id='line_1_15' title="bbox 177 1886 1125 1975; baseline 0.002 -21"><span class='ocrx_word' id='word_1_95' title='bbox 177 1892 213 1955; x_wconf 91' lang='lat' dir='ltr'><strong>in</strong></span> <span class='ocrx_word' id='word_1_96' title='bbox 229 1893 433 1956; x_wconf 89' lang='lat' dir='ltr'><strong>societatem</strong></span> <span class='ocrx_word' id='word_1_97' title='bbox 456 1892 523 1957; x_wconf 90' lang='lat' dir='ltr'><strong>tori</strong></span> <span class='ocrx_word' id='word_1_98' title='bbox 545 1893 749 1975; x_wconf 86' lang='lat' dir='ltr'><strong>suscipiens,</strong></span> <span class='ocrx_word' id='word_1_99' title='bbox 764 1886 891 1957; x_wconf 83' lang='lat' dir='ltr'><strong>²filium</strong></span> <span class='ocrx_word' id='word_1_100' title='bbox 910 1913 956 1956; x_wconf 84' lang='lat' dir='ltr'><strong>ex</strong></span> <span class='ocrx_word' id='word_1_101' title='bbox 979 1911 1022 1956; x_wconf 89' lang='lat' dir='ltr'><strong>ea</strong></span> <span class='ocrx_word' id='word_1_102' title='bbox 1045 1913 1125 1975; x_wconf 89' lang='lat' dir='ltr'><strong>pro-</strong></span> 
     </span>
     <span class='ocr_line' id='line_1_16' title="bbox 177 1991 1128 2075; baseline 0.001 -19"><span class='ocrx_word' id='word_1_103' title='bbox 177 1992 321 2070; x_wconf 86' lang='lat' dir='ltr'><strong>creavit,</strong></span> <span class='ocrx_word' id='word_1_104' title='bbox 344 1992 435 2056; x_wconf 92' lang='lat' dir='ltr'><strong>unde</strong></span> <span class='ocrx_word' id='word_1_105' title='bbox 458 2011 480 2056; x_wconf 91' lang='lat' dir='ltr'><strong>a</strong></span> <span class='ocrx_word' id='word_1_106' title='bbox 504 1991 540 2057; x_wconf 89' lang='lat' dir='ltr'><strong>S.</strong></span> <span class='ocrx_word' id='word_1_107' title='bbox 557 1991 733 2057; x_wconf 87' lang='lat' dir='ltr'><strong>Germano</strong></span> <span class='ocrx_word' id='word_1_108' title='bbox 756 1999 792 2056; x_wconf 89' lang='lat' dir='ltr'><strong>et</strong></span> <span class='ocrx_word' id='word_1_109' title='bbox 815 1993 859 2056; x_wconf 90' lang='lat' dir='ltr'><strong>ab</strong></span> <span class='ocrx_word' id='word_1_110' title='bbox 877 1993 969 2057; x_wconf 93' lang='lat' dir='ltr'><strong>omni</strong></span> <span class='ocrx_word' id='word_1_111' title='bbox 995 1992 1128 2075; x_wconf 86' lang='lat' dir='ltr'><strong>episco-</strong></span> 
     </span>
     <span class='ocr_line' id='line_1_17' title="bbox 176 2093 905 2175; baseline -0.001 -18"><span class='ocrx_word' id='word_1_112' title='bbox 176 2112 301 2175; x_wconf 86' lang='lat' dir='ltr'><strong>porum</strong></span> <span class='ocrx_word' id='word_1_113' title='bbox 314 2100 488 2159; x_wconf 85' lang='lat' dir='ltr'><strong>convcntu</strong></span> <span class='ocrx_word' id='word_1_114' title='bbox 504 2093 825 2158; x_wconf 86' lang='lat' dir='ltr'><strong>excommunicatus</strong></span> <span class='ocrx_word' id='word_1_115' title='bbox 841 2098 905 2156; x_wconf 90' lang='lat' dir='ltr'><strong>est.</strong></span> 
     </span>
    </p>
   </div>
   <div class='ocr_carea' id='block_1_3' title="bbox 442 2266 869 2332">
    <p class='ocr_par' dir='ltr' id='par_1_7' title="bbox 442 2266 869 2332">
     <span class='ocr_line' id='line_1_18' title="bbox 442 2266 869 2332; baseline -0.002 -2"><span class='ocrx_word' id='word_1_116' title='bbox 442 2266 492 2331; x_wconf 81' lang='lat' dir='ltr'><strong>De</strong></span> <span class='ocrx_word' id='word_1_117' title='bbox 506 2267 641 2332; x_wconf 80' lang='lat' dir='ltr'><strong>transitu</strong></span> <span class='ocrx_word' id='word_1_118' title='bbox 656 2267 691 2331; x_wconf 77' lang='lat' dir='ltr'><strong>S.</strong></span> <span class='ocrx_word' id='word_1_119' title='bbox 709 2266 869 2332; x_wconf 73' lang='lat' dir='ltr'><strong>ammai.</strong></span> 
     </span>
    </p>
   </div>
   <div class='ocr_carea' id='block_1_4' title="bbox 174 2383 1272 3776">
    <p class='ocr_par' dir='ltr' id='par_1_8' title="bbox 174 2383 1272 3776">
     <span class='ocr_line' id='line_1_19' title="bbox 224 2383 1272 2474; baseline 0.004 -20"><span class='ocrx_word' id='word_1_120' title='bbox 224 2389 356 2456; x_wconf 87' lang='lat' dir='ltr'><strong>Eodem</strong></span> <span class='ocrx_word' id='word_1_121' title='bbox 368 2409 472 2469; x_wconf 90' lang='lat' dir='ltr'><strong>anno,</strong></span> <span class='ocrx_word' id='word_1_122' title='bbox 483 2397 523 2454; x_wconf 93' lang='lat' dir='ltr'><strong>ut</strong></span> <span class='ocrx_word' id='word_1_123' title='bbox 532 2391 671 2473; x_wconf 89' lang='lat' dir='ltr'><strong>scripsit</strong></span> <span class='ocrx_word' id='word_1_124' title='bbox 681 2390 938 2474; x_wconf 79' lang='lat' dir='ltr'><strong>sigisbertusin</strong></span> <span class='ocrx_word' id='word_1_125' title='bbox 949 2383 1272 2459; x_wconf 71' lang='lat' dir='ltr'><strong>³chronicisnanus.</strong></span> 
     </span>
     <span class='ocr_line' id='line_1_20' title="bbox 180 2472 1268 2573; baseline 0.001 -19"><span class='ocrx_word' id='word_1_126' title='bbox 180 2491 266 2569; x_wconf 93' lang='lat' dir='ltr'><strong>suis,</strong></span> <span class='ocrx_word' id='word_1_127' title='bbox 289 2500 432 2555; x_wconf 91' lang='lat' dir='ltr'><strong>sanctus</strong></span> <span class='ocrx_word' id='word_1_128' title='bbox 448 2489 644 2555; x_wconf 87' lang='lat' dir='ltr'><strong>Germanus</strong></span> <span class='ocrx_word' id='word_1_129' title='bbox 662 2491 706 2555; x_wconf 92' lang='lat' dir='ltr'><strong>ad</strong></span> <span class='ocrx_word' id='word_1_130' title='bbox 724 2491 943 2568; x_wconf 88' lang='lat' dir='ltr'><strong>Ravennam,</strong></span> <span class='ocrx_word' id='word_1_131' title='bbox 965 2511 1027 2573; x_wconf 93' lang='lat' dir='ltr'><strong>pro</strong></span> <span class='ocrx_word' id='word_1_132' title='bbox 1046 2509 1131 2573; x_wconf 86' lang='lat' dir='ltr'><strong>pace</strong></span> <span class='ocrx_word' id='word_1_133' title='bbox 1142 2472 1268 2511; x_wconf 61' lang='lat' dir='ltr'>‘&#39;mu&#39;‘</span> 
     </span>
     <span class='ocr_line' id='line_1_21' title="bbox 179 2589 1131 2674; baseline 0.001 -20"><span class='ocrx_word' id='word_1_134' title='bbox 179 2589 418 2656; x_wconf 82' lang='lat' dir='ltr'><strong>Armoricanae</strong></span> <span class='ocrx_word' id='word_1_135' title='bbox 442 2592 557 2673; x_wconf 86' lang='lat' dir='ltr'><strong>gentis</strong></span> <span class='ocrx_word' id='word_1_136' title='bbox 582 2592 798 2674; x_wconf 83' lang='lat' dir='ltr'><strong>perveniens,</strong></span> <span class='ocrx_word' id='word_1_137' title='bbox 820 2599 856 2655; x_wconf 91' lang='lat' dir='ltr'><strong>et</strong></span> <span class='ocrx_word' id='word_1_138' title='bbox 878 2611 1013 2655; x_wconf 89' lang='lat' dir='ltr'><strong>summa</strong></span> <span class='ocrx_word' id='word_1_139' title='bbox 1034 2611 1131 2655; x_wconf 90' lang='lat' dir='ltr'><strong>reve·</strong></span> 
     </span>
     <span class='ocr_line' id='line_1_22' title="bbox 179 2691 1131 2775; baseline 0 -21"><span class='ocrx_word' id='word_1_140' title='bbox 179 2693 294 2756; x_wconf 87' lang='lat' dir='ltr'><strong>rentia</strong></span> <span class='ocrx_word' id='word_1_141' title='bbox 308 2711 330 2756; x_wconf 90' lang='lat' dir='ltr'><strong>a</strong></span> <span class='ocrx_word' id='word_1_142' title='bbox 341 2691 591 2757; x_wconf 88' lang='lat' dir='ltr'><strong>Valentiniano</strong></span> <span class='ocrx_word' id='word_1_143' title='bbox 607 2700 642 2756; x_wconf 86' lang='lat' dir='ltr'><strong>ct</strong></span> <span class='ocrx_word' id='word_1_144' title='bbox 657 2691 815 2756; x_wconf 89' lang='lat' dir='ltr'><strong>Placidia</strong></span> <span class='ocrx_word' id='word_1_145' title='bbox 831 2700 941 2755; x_wconf 88' lang='lat' dir='ltr'><strong>matre</strong></span> <span class='ocrx_word' id='word_1_146' title='bbox 958 2692 1035 2775; x_wconf 87' lang='lat' dir='ltr'><strong>ejus</strong></span> <span class='ocrx_word' id='word_1_147' title='bbox 1054 2710 1131 2755; x_wconf 91' lang='lat' dir='ltr'><strong>sus·</strong></span> 
     </span>
     <span class='ocr_line' id='line_1_23' title="bbox 181 2791 1131 2876; baseline -0.001 -21"><span class='ocrx_word' id='word_1_148' title='bbox 181 2798 316 2874; x_wconf 84' lang='lat' dir='ltr'><strong>ceptus,</strong></span> <span class='ocrx_word' id='word_1_149' title='bbox 345 2792 510 2874; x_wconf 86' lang='lat' dir='ltr'><strong>migravit</strong></span> <span class='ocrx_word' id='word_1_150' title='bbox 532 2792 576 2856; x_wconf 88' lang='lat' dir='ltr'><strong>ad</strong></span> <span class='ocrx_word' id='word_1_151' title='bbox 600 2791 799 2872; x_wconf 87' lang='lat' dir='ltr'><strong>Christum;</strong></span> <span class='ocrx_word' id='word_1_152' title='bbox 825 2792 925 2876; x_wconf 90' lang='lat' dir='ltr'><strong>cujus</strong></span> <span class='ocrx_word' id='word_1_153' title='bbox 947 2810 1073 2874; x_wconf 90' lang='lat' dir='ltr'><strong>corpus</strong></span> <span class='ocrx_word' id='word_1_154' title='bbox 1094 2791 1131 2854; x_wconf 93' lang='lat' dir='ltr'><strong>in</strong></span> 
     </span>
     <span class='ocr_line' id='line_1_24' title="bbox 174 2891 1131 2974; baseline 0.001 -21"><span class='ocrx_word' id='word_1_155' title='bbox 174 2891 370 2956; x_wconf 82' lang='lat' dir='ltr'><strong>honorifico</strong></span> <span class='ocrx_word' id='word_1_156' title='bbox 397 2893 535 2974; x_wconf 80' lang='lat' dir='ltr'><strong>agmine</strong></span> <span class='ocrx_word' id='word_1_157' title='bbox 560 2893 806 2957; x_wconf 80' lang='lat' dir='ltr'><strong>comitantibus</strong></span> <span class='ocrx_word' id='word_1_158' title='bbox 828 2892 995 2956; x_wconf 88' lang='lat' dir='ltr'><strong>virtutum</strong></span> <span class='ocrx_word' id='word_1_159' title='bbox 1023 2891 1131 2973; x_wconf 80' lang='lat' dir='ltr'><strong>signis</strong></span> 
     </span>
     <span class='ocr_line' id='line_1_25' title="bbox 181 2989 1131 3075; baseline -0.001 -21"><span class='ocrx_word' id='word_1_160' title='bbox 181 2989 427 3057; x_wconf 87' lang='lat' dir='ltr'><strong>Autissiodoro</strong></span> <span class='ocrx_word' id='word_1_161' title='bbox 464 2991 628 3056; x_wconf 83' lang='lat' dir='ltr'><strong>defertur.</strong></span> <span class='ocrx_word' id='word_1_162' title='bbox 680 2992 762 3070; x_wconf 86' lang='lat' dir='ltr'><strong>Quo</strong></span> <span class='ocrx_word' id='word_1_163' title='bbox 795 3000 949 3075; x_wconf 83' lang='lat' dir='ltr'><strong>tempore</strong></span> <span class='ocrx_word' id='word_1_164' title='bbox 983 2990 1131 3055; x_wconf 84' lang='lat' dir='ltr'><strong>Severus</strong></span> 
     </span>
     <span class='ocr_line' id='line_1_26' title="bbox 180 3090 1131 3176; baseline 0.001 -22"><span class='ocrx_word' id='word_1_165' title='bbox 180 3092 372 3176; x_wconf 86' lang='lat' dir='ltr'><strong>presbyter,</strong></span> <span class='ocrx_word' id='word_1_166' title='bbox 390 3093 445 3156; x_wconf 85' lang='lat' dir='ltr'><strong>vir</strong></span> <span class='ocrx_word' id='word_1_167' title='bbox 458 3092 632 3156; x_wconf 87' lang='lat' dir='ltr'><strong>miraculis</strong></span> <span class='ocrx_word' id='word_1_168' title='bbox 647 3092 849 3175; x_wconf 85' lang='lat' dir='ltr'><strong>praeclarus,</strong></span> <span class='ocrx_word' id='word_1_169' title='bbox 865 3092 1042 3156; x_wconf 87' lang='lat' dir='ltr'><strong>destructo</strong></span> <span class='ocrx_word' id='word_1_170' title='bbox 1056 3090 1131 3155; x_wconf 90' lang='lat' dir='ltr'><strong>ido·</strong></span> 
     </span>
     <span class='ocr_line' id='line_1_27' title="bbox 181 3190 1131 3275; baseline -0.001 -20"><span class='ocrx_word' id='word_1_171' title='bbox 181 3191 293 3255; x_wconf 91' lang='lat' dir='ltr'><strong>lorum</strong></span> <span class='ocrx_word' id='word_1_172' title='bbox 323 3192 465 3275; x_wconf 85' lang='lat' dir='ltr'><strong>templo,</strong></span> <span class='ocrx_word' id='word_1_173' title='bbox 496 3193 556 3256; x_wconf 90' lang='lat' dir='ltr'><strong>ubi</strong></span> <span class='ocrx_word' id='word_1_174' title='bbox 586 3212 682 3257; x_wconf 88' lang='lat' dir='ltr'><strong>error</strong></span> <span class='ocrx_word' id='word_1_175' title='bbox 713 3192 855 3275; x_wconf 82' lang='lat' dir='ltr'><strong>gentilis</strong></span> <span class='ocrx_word' id='word_1_176' title='bbox 879 3200 1017 3256; x_wconf 90' lang='lat' dir='ltr'><strong>centum</strong></span> <span class='ocrx_word' id='word_1_177' title='bbox 1048 3190 1131 3255; x_wconf 87' lang='lat' dir='ltr'><strong>deos</strong></span> 
     </span>
     <span class='ocr_line' id='line_1_28' title="bbox 181 3290 1131 3370; baseline -0.002 -15"><span class='ocrx_word' id='word_1_178' title='bbox 181 3291 319 3355; x_wconf 88' lang='lat' dir='ltr'><strong>cultura</strong></span> <span class='ocrx_word' id='word_1_179' title='bbox 351 3292 572 3357; x_wconf 87' lang='lat' dir='ltr'><strong>insanissima</strong></span> <span class='ocrx_word' id='word_1_180' title='bbox 609 3293 790 3370; x_wconf 90' lang='lat' dir='ltr'><strong>adorabat,</strong></span> <span class='ocrx_word' id='word_1_181' title='bbox 825 3291 1006 3356; x_wconf 85' lang='lat' dir='ltr'><strong>ecclesiam</strong></span> <span class='ocrx_word' id='word_1_182' title='bbox 1037 3290 1131 3355; x_wconf 90' lang='lat' dir='ltr'><strong>beati</strong></span> 
     </span>
     <span class='ocr_line' id='line_1_29' title="bbox 181 3390 1130 3476; baseline -0.001 -21"><span class='ocrx_word' id='word_1_183' title='bbox 181 3394 447 3476; x_wconf 89' lang='lat' dir='ltr'><strong>protomartyris</strong></span> <span class='ocrx_word' id='word_1_184' title='bbox 463 3392 643 3475; x_wconf 85' lang='lat' dir='ltr'><strong>Stephani,</strong></span> <span class='ocrx_word' id='word_1_185' title='bbox 659 3399 698 3457; x_wconf 91' lang='lat' dir='ltr'><strong>ut</strong></span> <span class='ocrx_word' id='word_1_186' title='bbox 715 3398 975 3456; x_wconf 90' lang='lat' dir='ltr'><strong>consecraretur</strong></span> <span class='ocrx_word' id='word_1_187' title='bbox 987 3410 1060 3472; x_wconf 86' lang='lat' dir='ltr'><strong>prae</strong></span> <span class='ocrx_word' id='word_1_188' title='bbox 1078 3390 1130 3454; x_wconf 85' lang='lat' dir='ltr'><strong>so·</strong></span> 
     </span>
     <span class='ocr_line' id='line_1_30' title="bbox 180 3491 1131 3576; baseline -0.002 -21"><span class='ocrx_word' id='word_1_189' title='bbox 180 3493 275 3556; x_wconf 92' lang='lat' dir='ltr'><strong>ribus</strong></span> <span class='ocrx_word' id='word_1_190' title='bbox 297 3491 443 3557; x_wconf 88' lang='lat' dir='ltr'><strong>Viennae</strong></span> <span class='ocrx_word' id='word_1_191' title='bbox 469 3495 628 3576; x_wconf 88' lang='lat' dir='ltr'><strong>parabat.</strong></span> <span class='ocrx_word' id='word_1_192' title='bbox 680 3491 749 3557; x_wconf 85' lang='lat' dir='ltr'><strong>Sed</strong></span> <span class='ocrx_word' id='word_1_193' title='bbox 776 3512 853 3555; x_wconf 90' lang='lat' dir='ltr'><strong>cnm</strong></span> <span class='ocrx_word' id='word_1_194' title='bbox 875 3491 1021 3555; x_wconf 89' lang='lat' dir='ltr'><strong>reditum</strong></span> <span class='ocrx_word' id='word_1_195' title='bbox 1048 3491 1131 3554; x_wconf 89' lang='lat' dir='ltr'><strong>bea·</strong></span> 
     </span>
     <span class='ocr_line' id='line_1_31' title="bbox 180 3590 1130 3673; baseline -0.001 -18"><span class='ocrx_word' id='word_1_196' title='bbox 180 3591 304 3656; x_wconf 84' lang='lat' dir='ltr'><strong>tissimi</strong></span> <span class='ocrx_word' id='word_1_197' title='bbox 315 3590 483 3657; x_wconf 88' lang='lat' dir='ltr'><strong>Germani</strong></span> <span class='ocrx_word' id='word_1_198' title='bbox 499 3612 521 3656; x_wconf 89' lang='lat' dir='ltr'><strong>a</strong></span> <span class='ocrx_word' id='word_1_199' title='bbox 535 3593 708 3658; x_wconf 73' lang='lat' dir='ltr'><strong>Ravema</strong></span> <span class='ocrx_word' id='word_1_200' title='bbox 730 3593 929 3669; x_wconf 84' lang='lat' dir='ltr'><strong>sustineret,</strong></span> <span class='ocrx_word' id='word_1_201' title='bbox 944 3591 1004 3673; x_wconf 92' lang='lat' dir='ltr'><strong>qui</strong></span> <span class='ocrx_word' id='word_1_202' title='bbox 1026 3610 1064 3655; x_wconf 88' lang='lat' dir='ltr'><strong>se</strong></span> <span class='ocrx_word' id='word_1_203' title='bbox 1086 3591 1130 3655; x_wconf 90' lang='lat' dir='ltr'><strong>ad</strong></span> 
     </span>
     <span class='ocr_line' id='line_1_32' title="bbox 180 3690 1132 3776; baseline 0.002 -22"><span class='ocrx_word' id='word_1_204' title='bbox 180 3690 431 3757; x_wconf 86' lang='lat' dir='ltr'><strong>dedicationem</strong></span> <span class='ocrx_word' id='word_1_205' title='bbox 454 3700 640 3757; x_wconf 89' lang='lat' dir='ltr'><strong>venturum</strong></span> <span class='ocrx_word' id='word_1_206' title='bbox 670 3692 892 3776; x_wconf 85' lang='lat' dir='ltr'><strong>praedixerat,</strong></span> <span class='ocrx_word' id='word_1_207' title='bbox 923 3691 1070 3773; x_wconf 80' lang='lat' dir='ltr'><strong>contigit</strong></span> <span class='ocrx_word' id='word_1_208' title='bbox 1092 3698 1132 3756; x_wconf 92' lang='lat' dir='ltr'><strong>ut</strong></span> 
     </span>
    </p>
   </div>
   <div class='ocr_carea' id='block_1_5' title="bbox 179 3906 1132 4329">
    <p class='ocr_par' dir='ltr' id='par_1_9' title="bbox 179 3906 1132 4329">
     <span class='ocr_line' id='line_1_33' title="bbox 219 3906 1131 3971; baseline 0.001 -14"><span class='ocrx_word' id='word_1_209' title='bbox 219 3906 226 3936; x_wconf 95' lang='lat'>¹</span> <span class='ocrx_word' id='word_1_210' title='bbox 240 3908 406 3971; x_wconf 63' lang='lat' dir='ltr'><strong>Passeratius]</strong></span> <span class='ocrx_word' id='word_1_211' title='bbox 422 3908 485 3957; x_wconf 83' lang='lat' dir='ltr'><strong>This</strong></span> <span class='ocrx_word' id='word_1_212' title='bbox 502 3913 609 3959; x_wconf 85' lang='lat' dir='ltr'><strong>account</strong></span> <span class='ocrx_word' id='word_1_213' title='bbox 619 3909 649 3958; x_wconf 85' lang='lat' dir='ltr'><strong>os</strong></span> <span class='ocrx_word' id='word_1_214' title='bbox 671 3909 738 3970; x_wconf 85' lang='lat' dir='ltr'><strong>nius,</strong></span> <span class='ocrx_word' id='word_1_215' title='bbox 748 3908 799 3958; x_wconf 86' lang='lat' dir='ltr'><strong>thia</strong></span> <span class='ocrx_word' id='word_1_216' title='bbox 809 3922 865 3958; x_wconf 81' lang='lat' dir='ltr'><strong>was</strong></span> <span class='ocrx_word' id='word_1_217' title='bbox 877 3909 996 3969; x_wconf 80' lang='lat' dir='ltr'><strong>Faustus,</strong></span> <span class='ocrx_word' id='word_1_218' title='bbox 1007 3908 1065 3958; x_wconf 87' lang='lat' dir='ltr'><strong>who</strong></span> <span class='ocrx_word' id='word_1_219' title='bbox 1077 3925 1131 3958; x_wconf 84' lang='lat' dir='ltr'><strong>was</strong></span> 
     </span>
     <span class='ocr_line' id='line_1_34' title="bbox 179 3979 1132 4043; baseline 0 -15"><span class='ocrx_word' id='word_1_220' title='bbox 179 3979 223 4028; x_wconf 87' lang='lat' dir='ltr'><strong>the</strong></span> <span class='ocrx_word' id='word_1_221' title='bbox 233 3981 358 4043; x_wconf 83' lang='lat' dir='ltr'><strong>marriage</strong></span> <span class='ocrx_word' id='word_1_222' title='bbox 368 3979 398 4029; x_wconf 86' lang='lat' dir='ltr'><strong>os</strong></span> <span class='ocrx_word' id='word_1_223' title='bbox 406 3979 572 4041; x_wconf 78' lang='lat' dir='ltr'><strong>Wyrtgeorna</strong></span> <span class='ocrx_word' id='word_1_224' title='bbox 582 3980 645 4028; x_wconf 82' lang='lat' dir='ltr'><strong>with</strong></span> <span class='ocrx_word' id='word_1_225' title='bbox 670 3979 787 4040; x_wconf 79' lang='lat' dir='ltr'><strong>baptized</strong></span> <span class='ocrx_word' id='word_1_226' title='bbox 804 3979 854 4028; x_wconf 86' lang='lat' dir='ltr'><strong>and</strong></span> <span class='ocrx_word' id='word_1_227' title='bbox 872 3979 998 4029; x_wconf 79' lang='lat' dir='ltr'><strong>educated</strong></span> <span class='ocrx_word' id='word_1_228' title='bbox 1017 3981 1051 4041; x_wconf 79' lang='lat' dir='ltr'><strong>by</strong></span> <span class='ocrx_word' id='word_1_229' title='bbox 1067 3981 1132 4029; x_wconf 83' lang='lat' dir='ltr'><strong>Ger·</strong></span> 
     </span>
     <span class='ocr_line' id='line_1_35' title="bbox 179 4049 1132 4112; baseline -0.001 -14"><span class='ocrx_word' id='word_1_230' title='bbox 179 4049 645 4112; x_wconf 68' lang='lat' dir='ltr'><strong>thedaughteroiiiengestisabridg-</strong></span> <span class='ocrx_word' id='word_1_231' title='bbox 669 4063 769 4111; x_wconf 87' lang='lat' dir='ltr'><strong>manus,</strong></span> <span class='ocrx_word' id='word_1_232' title='bbox 787 4051 838 4099; x_wconf 86' lang='lat' dir='ltr'><strong>and</strong></span> <span class='ocrx_word' id='word_1_233' title='bbox 859 4050 961 4099; x_wconf 52' lang='lat' dir='ltr'><strong>&amp;came</strong></span> <span class='ocrx_word' id='word_1_234' title='bbox 983 4049 1132 4098; x_wconf 79' lang='lat' dir='ltr'><strong>afterwards</strong></span> 
     </span>
     <span class='ocr_line' id='line_1_36' title="bbox 181 4119 1060 4182; baseline -0.002 -13"><span class='ocrx_word' id='word_1_235' title='bbox 181 4120 213 4169; x_wconf 87' lang='lat' dir='ltr'><strong>ed</strong></span> <span class='ocrx_word' id='word_1_236' title='bbox 231 4119 293 4168; x_wconf 83' lang='lat' dir='ltr'><strong>irum</strong></span> <span class='ocrx_word' id='word_1_237' title='bbox 311 4119 473 4181; x_wconf 81' lang='lat' dir='ltr'><strong>Geoffreyoi</strong></span> <span class='ocrx_word' id='word_1_238' title='bbox 486 4120 645 4182; x_wconf 83' lang='lat' dir='ltr'><strong>Moumouth,</strong></span> <span class='ocrx_word' id='word_1_239' title='bbox 669 4120 759 4182; x_wconf 83' lang='lat' dir='ltr'><strong>bishop</strong></span> <span class='ocrx_word' id='word_1_240' title='bbox 771 4120 880 4170; x_wconf 82' lang='lat' dir='ltr'><strong>oiRiez.</strong></span> <span class='ocrx_word' id='word_1_241' title='bbox 917 4120 1060 4180; x_wconf 62' lang='lat' dir='ltr'><strong>Nunti&amp;</strong></span> 
     </span>
     <span class='ocr_line' id='line_1_37' title="bbox 182 4187 1130 4255; baseline -0.002 -17"><span class='ocrx_word' id='word_1_242' title='bbox 182 4192 216 4240; x_wconf 86' lang='lat' dir='ltr'><strong>ri.</strong></span> <span class='ocrx_word' id='word_1_243' title='bbox 227 4204 284 4252; x_wconf 89' lang='lat' dir='ltr'><strong>cap.</strong></span> <span class='ocrx_word' id='word_1_244' title='bbox 299 4194 338 4241; x_wconf 76' lang='lat'><strong>12.</strong></span> <span class='ocrx_word' id='word_1_245' title='bbox 704 4187 715 4220; x_wconf 82' lang='lat'><strong>³</strong></span> <span class='ocrx_word' id='word_1_246' title='bbox 728 4191 857 4241; x_wconf 62' lang='lat' dir='ltr'><strong>Chronica</strong></span> <span class='ocrx_word' id='word_1_247' title='bbox 866 4191 940 4255; x_wconf 56' lang='grc' dir='ltr'><strong>πίω]</strong></span> <span class='ocrx_word' id='word_1_248' title='bbox 953 4189 1024 4238; x_wconf 84' lang='lat' dir='ltr'><strong>Edit.</strong></span> <span class='ocrx_word' id='word_1_249' title='bbox 1037 4187 1130 4247; x_wconf 81' lang='lat' dir='ltr'><strong>Pistor.</strong></span> 
     </span>
     <span class='ocr_line' id='line_1_38' title="bbox 217 4255 757 4329; baseline 0 -20"><span class='ocrx_word' id='word_1_250' title='bbox 217 4255 357 4329; x_wconf 73' lang='lat' dir='ltr'><strong>&#39;Futm.]</strong></span> <span class='ocrx_word' id='word_1_251' title='bbox 376 4260 520 4322; x_wconf 81' lang='lat' dir='ltr'><strong>According</strong></span> <span class='ocrx_word' id='word_1_252' title='bbox 532 4265 557 4309; x_wconf 85' lang='lat' dir='ltr'><strong>to</strong></span> <span class='ocrx_word' id='word_1_253' title='bbox 574 4261 643 4310; x_wconf 83' lang='lat' dir='ltr'><strong>Nen-</strong></span> <span class='ocrx_word' id='word_1_254' title='bbox 669 4261 687 4310; x_wconf 88' lang='lat' dir='ltr'><strong>i.</strong></span> <span class='ocrx_word' id='word_1_255' title='bbox 700 4264 757 4310; x_wconf 72' lang='lat'>⁷1⁶.</span> 
     </span>
    </p>
   </div>
   <div class='ocr_carea' id='block_1_6' title="bbox 0 0 1452 4852">
    <p class='ocr_par' dir='ltr' id='par_1_10' title="bbox 0 0 1452 4852">
     <span class='ocr_line' id='line_1_39' title="bbox 0 0 1452 4852; baseline 0 0"><span class='ocrx_word' id='word_1_256' title='bbox 0 0 1452 4852; x_wconf 95' lang='lat' dir='ltr'><strong> </strong></span> 
     </span>
    </p>
   </div>
  </div>
 </body>
</html>
