2888 4852
418 454 553 503 rnosns
578 454 856 504 nrsnomsnuu.
1042 440 1108 504 aru

157 615 262 679 nimia
289 635 475 679 succensus
502 618 555 680 ira
584 618 626 680 de
654 636 773 680 mensa
801 616 916 681 subito
941 618 1107 694 exsilivit,

156 722 262 798 atque
291 717 461 781 latronem
485 736 547 799 per
571 717 716 800 capillos
745 718 914 799 arripiens
943 719 979 781 in
1009 719 1106 800 pavi-

156 823 309 880 mentum
328 817 485 899 projecit.
537 817 588 881 At
612 817 768 899 proditor
789 817 860 893 ille,
884 838 962 881 cum
985 837 1023 881 se
1050 818 1110 881 lae-

157 935 232 978 sum
247 935 431 998 regemque
451 917 542 981 inse
555 917 729 1001 jacentem
753 917 931 994 sensisset,
948 925 1108 982 extracto

157 1017 254 1080 ocius
277 1017 431 1093 cultello,
445 1037 547 1099 quem
566 1017 700 1082 occulte
716 1015 859 1094 ferebat,
879 1037 1007 1098 regem,
1021 1017 1107 1100 proh

157 1115 274 1181 dolor!
296 1116 486 1200 jugulavit.
538 1117 706 1182 Videntes
731 1117 821 1198 regis
843 1117 971 1181 milites
993 1126 1028 1182 ct
1045 1118 1109 1180 mi-

159 1217 259 1279 nistri
273 1216 448 1280 dominum
464 1237 564 1280 suum
580 1224 753 1281 mortuum
775 1223 810 1279 et
827 1219 995 1298 sanguine
1012 1219 1109 1281 tahe-

159 1314 299 1393 sactum,
316 1316 489 1380 irruerunt
505 1337 623 1381 omnes
637 1317 673 1380 in
690 1316 860 1380 latronem
875 1317 985 1396 illum,
1003 1325 1109 1400 atque

160 1435 286 1498 corpus
309 1417 385 1500 ejus
401 1424 514 1481 totum
539 1425 574 1481 et
591 1436 671 1482 ossa
694 1416 730 1479 in
752 1415 864 1480 frusta
880 1417 1110 1482 minutissima

159 1516 402 1597 conciderunt;
419 1517 539 1600 sicque
555 1519 685 1581 clarum
708 1516 834 1597 regalis
852 1517 1003 1581 convivii
1017 1518 1110 1600 prin-

160 1615 288 1698 cipium
317 1617 503 1682 nebulosus
534 1638 648 1682 rerum
682 1623 858 1698 gestarum
890 1617 1007 1681 exitus
1042 1625 1110 1682 ter-

162 1717 319 1781 minavit.

304 1859 354 1921 Do
368 1857 560 1923 coronatione
567 1857 709 1943 piissimi
724 1859 805 1944 repis
818 1858 972 1923 Eudredi.

213 1982 388 2048 Defuncto
425 1983 544 2064 itaque
582 2002 663 2065 rege
700 1983 917 2060 Eadmundo,
956 1992 991 2047 et
1020 1983 1250 2093 aPUdfflffil

164 2081 384 2147 Glastoniam
418 2084 567 2166 sepulto,
599 2076 795 2147 ¹Eadredus
827 2083 934 2147 irater
969 2083 1046 2167 ejus
1079 2085 1114 2147 in
1240 2077 1246 2089 '

166 2181 397 2263 Kingestona,
422 2183 506 2246 villa
530 2183 638 2265 regia,
660 2184 757 2265 regni
783 2183 942 2247 diadema
964 2202 986 2246 a
1011 2184 1114 2249 beato

165 2281 316 2360 Othone,
331 2282 589 2367 archiepiscopo
599 2283 853 2359 cantuariensi,
869 2283 1022 2366 suscepit
1036 2304 1114 2367 sep-

165 2383 249 2446 timo
294 2383 425 2447 decimo
464 2382 632 2447 kalendas
672 2383 895 2466 Septembris.
957 2383 1115 2467 Reliquit

164 2502 302 2565 quoque
323 2484 410 2547 duos
427 2483 516 2548 lilios
537 2483 690 2548 haeredes
707 2483 892 2566 legitimae,
910 2484 1114 2548 Eadwinum

167 2589 205 2646 et
223 2582 434 2665 Eadgarum,
457 2585 529 2666 qui,
553 2592 767 2666 repugnante
790 2584 972 2666 illegitima
998 2591 1115 2661 oetate,

167 2683 259 2764 patri
288 2684 472 2746 succedere
504 2702 573 2747 non
608 2684 784 2748 valebant.
838 2683 920 2760 Hic,
959 2690 999 2747 ut
1030 2703 1114 2747 suus

168 2801 352 2862 germanus
385 2783 481 2864 prius
513 2789 633 2863 egerat
662 2802 724 2847 rex
754 2782 991 2859 EadmunduS,
1022 2782 1115 2865 Nor·

168 2880 447 2944 thanhumhriam
466 2889 575 2945 totam
598 2882 633 2944 in
656 2883 710 2946 sui
725 2882 912 2947 dominium
927 2881 1116 2959 redactam,

169 2998 192 3043 a
213 2998 294 3062 rege
317 2979 498 3044 Scotorum
527 2980 728 3045 fidelitatem
751 2982 896 3065 accepit,
919 2989 955 3046 et
977 2982 1117 3064 insuper

171 3079 381 3144 Eboracensi
412 3079 565 3146 ecclesiae
599 3082 873 3165 metropolitanae
910 3083 978 3146 duo
1016 3083 1118 3164 signa

170 3199 238 3243 non
271 3181 407 3245 modica
436 3181 582 3246 devotus
607 3181 771 3262 donavit3
803 3181 962 3265 denique,
988 3201 1066 3245 cum
1095 3202 1117 3246 a

172 3278 401 3345 Cumhrorum
436 3301 518 3362 rege
543 3281 779 3366 juramentum
811 3281 988 3347 fidelitatis
1021 3301 1118 3346 acce·

169 3381 280 3464 pisset
315 3388 351 3445 et
384 3391 500 3464 partes
532 3382 611 3445 illas
644 3380 681 3444 in
710 3383 898 3446 securitate
932 3383 1118 3464 posuisset,

170 3500 291 3546 versus
324 3489 480 3546 austrum
508 3501 587 3546 cum
616 3482 689 3545 suis
719 3481 907 3546 contendit.
960 3481 1031 3545 Hie
1056 3501 1118 3545 au·

171 3589 240 3645 tem
273 3601 336 3645 rex
372 3581 511 3659 nobilis,
547 3601 618 3646 non
654 3581 772 3664 dispar
810 3582 1120 3665 praedecessoribus

171 3681 255 3757 suis,
287 3682 426 3745 beatum
452 3682 674 3746 Dunstanum
697 3689 797 3747 tanto
818 3681 974 3746 caritatis
997 3683 1120 3746 ardore

172 3780 306 3857 dilexit,
330 3789 369 3845 ut
390 3800 509 3845 omnes
535 3781 715 3847 thesauros
741 3801 822 3870 suos
847 3783 911 3845 suh
939 3782 1014 3866 ejus
1041 3800 1120 3845 cus-

173 3879 270 3965 todia
301 3881 567 3946 commendaret.
627 3876 781 3945 ²Beatus
810 3882 942 3945 interea
977 3880 1121 3958 EliciuS,

211 4037 356 4088 'Endredus
371 4040 455 4098 frater
476 4035 554 4107 eiua]
583 4039 637 4089 The
663 4040 693 4090 ot'
706 4041 807 4089 Eadred
824 4041 918 4089 irate.
954 4040 1128 4089 Acharterol

175 4110 234 4158 date
246 4110 272 4157 in
284 4109 325 4157 the
344 4113 397 4158 text
408 4109 506 4159 follows
519 4111 638 4160 Florence
664 4110 705 4159 the
713 4109 877 4172 latter‚dated
884 4111 1002 4171 Simoin
1010 4109 1053 4158 the
1059 4109 1125 4162 eod.

176 4180 226 4229 and
247 4179 339 4228 others.
375 4180 475 4228 Simeon
486 4180 514 4229 of
523 4180 638 4230 Durham
665 4180 777 4242 Diplom.
790 4181 866 4242 Angl.
879 4181 939 4230 Sax.
951 4181 980 4231 ii.
991 4195 1017 4241 p.
1029 4184 1086 4230 ma.

176 4250 226 4298 and
239 4248 400 4298 Ethelweard
415 4250 488 4311 place
505 4251 548 4300 the
562 4251 638 4300 death
699 4248 809 4299 'Beatus
820 4250 911 4299 intereo
925 4249 1041 4312 Sisciae]
1052 4250 1125 4299 From

176 4320 206 4368 ol
220 4319 356 4368 Eadmund
368 4319 418 4369 and
435 4320 477 4370 the
494 4321 638 4371 succeeeion
665 4318 787 4370 Oshem'e
797 4320 841 4371 lite
852 4320 881 4369 oi
893 4320 1021 4382 Dunstan,
1031 4336 1057 4382 p.
1070 4324 1124 4369 1⁰2.
