2888 4852
447 405 586 453 rnonns
609 401 876 456 nrsronmaun.
1069 392 1136 459 21⁶

392 633 549 720 Imagines
562 636 705 700 venerari
710 634 925 722 prohiberetur.

234 758 339 824 Anno
370 761 494 841 gratiae
521 777 697 823 nccxxvl.
726 761 799 825 Leo
829 763 1018 844 imperator
1045 761 1255 825 ima-enare.

185 859 284 939 gines
311 857 441 922 Christi
466 866 502 922 et
525 867 721 923 sanctorum
743 860 820 944 ejus
842 861 879 924 in
907 860 1018 923 frusta
1041 832 1254 977 σθω-ζῶα,
1295 905 1296 908 ,

185 957 292 1020 minui
306 959 482 1040 praecepit,
499 978 601 1040 quem
617 978 709 1040 papa
725 957 917 1041 Gregorius
933 958 1043 1023 literis
1059 959 1132 1023 suia
1255 961 1261 972 ‘

184 1056 330 1120 multum
347 1055 536 1139 redarguit,
554 1056 614 1120 sed
629 1058 665 1120 in
682 1077 821 1122 vanum.

415 1228 458 1293 Ut
474 1229 533 1293 Ine
548 1251 601 1294 reo
614 1230 890 1315 Bornompetieril.

235 1349 340 1416 Anno
362 1354 486 1433 gratiae
510 1353 798 1431 ocoxxvn.1ne,
821 1373 884 1417 rex
901 1353 986 1418 felix
1009 1361 1045 1419 et
1069 1374 1131 1438 po·
1144 1376 1254 1418 enm.

185 1458 276 1527 tens,
293 1450 508 1515 Athelhardo
524 1460 675 1535 cognato
697 1471 760 1516 suo
783 1472 927 1534 reguum
952 1473 1052 1517 suum
1077 1472 1131 1517 re-
1144 1426 1250 1524 fflddfu

184 1549 358 1632 linquens,
375 1544 540 1614 ¹Romam
559 1552 672 1633 petiit,
689 1558 729 1614 ut
745 1570 808 1632 pro
825 1571 932 1632 regno
949 1552 1131 1635 temporali

184 1656 413 1713 commutaret
442 1657 620 1713 aeternum.
686 1649 765 1727 Quo
796 1668 874 1713 cum
905 1652 1131 1733 pervenisset,

185 1746 266 1811 fecit
292 1749 327 1811 in
356 1748 497 1812 civitate
520 1748 671 1823 domum,
697 1767 867 1812 consensu
893 1757 928 1813 et
951 1751 1132 1813 voluntate

186 1844 347 1928 Gregorii
358 1866 471 1929 papae,
481 1841 785 1928 quam2‘scholam
795 1846 1000 1930 Anglorum’
1011 1847 1132 1929 appel·

186 1945 250 2008 lari
267 1946 359 2009 fecit.
398 1939 468 2009 ”Aa
482 1945 571 2009 hane
587 1954 703 2010 autem
720 1965 799 2010 cum
814 1966 914 2027 reges
929 1944 1080 2027 Angliae,
1097 1953 1133 2010 et

187 2064 297 2125 genus
319 2045 452 2125 regium
475 2063 553 2108 eum
568 2044 749 2128 episcopis,
772 2046 996 2129 presbyteria,
1012 2053 1047 2109 et
1063 2045 1132 2109 cle·
1201 2084 1204 2089 -

185 2144 278 2219 riuis,
296 2144 332 2206 in
347 2144 504 2207 doctrina
521 2150 557 2207 et
570 2143 637 2206 fide
652 2143 823 2206 catholiea
845 2143 1021 2208 erudiendi
1037 2142 1133 2224 venie

185 2249 273 2318 rent,
304 2242 454 2324 nequid
480 2244 517 2305 in
541 2241 687 2305 ecelesia
712 2240 910 2323 Anglicana
943 2243 1133 2321 sinistrum,

185 2348 247 2404 aut
271 2340 450 2406 catholicae
478 2340 605 2405 unitati
635 2341 845 2404 eontrarium
874 2341 1067 2420 doceretur,
1097 2349 1134 2407 et

185 2441 249 2515 sic,
266 2440 302 2503 in
320 2440 386 2503 fide
403 2439 520 2504 stabili
535 2440 699 2516 roborati,
716 2440 760 2503 ad
774 2441 914 2523 propria
929 2448 1133 2506 remearent.

186 2538 297 2602 Erant
313 2540 403 2602 enim
427 2539 586 2603 doctrina
603 2547 638 2603 et
653 2538 781 2602 scholae
798 2537 992 2621 Anglorum
1009 2559 1031 2603 a
1048 2547 1134 2604 tem-

185 2639 326 2720 poribus
343 2638 456 2703 sancti
473 2636 662 2720 Augustini
681 2658 744 2720 per
761 2636 940 2702 Romanos
954 2639 1134 2721 pontifices

185 2737 377 2801 interdictae
395 2744 537 2820 propter
556 2737 713 2802 assiduas
736 2736 896 2814 haereses,
913 2756 991 2820 quae
1014 2738 1051 2801 in
1072 2737 1134 2801 ad-

186 2843 293 2899 ventu
315 2834 510 2917 Anglorum
531 2836 568 2899 in
595 2835 780 2899 Britannia
804 2843 1027 2913 emerserant,
1052 2836 1134 2900 dum

184 2934 313 3016 pagani
334 2933 539 2998 Christianis
562 2933 726 3015 permixti
747 2942 878 2998 sanctae
899 2935 1133 2999 conversatio-

185 3033 238 3096 nis
256 3032 405 3113 gratiam
427 3040 652 3115 corruperant
667 3032 746 3096 lidei
763 3031 982 3096 Christianae.
1035 3032 1135 3097 Fecit

184 3140 367 3214 propterea
389 3132 496 3216 juxta
517 3132 657 3196 domum
683 3131 865 3213 praefatam
894 3131 1075 3195 ecclesiam
1097 3132 1133 3194 in
1145 3151 1237 3192 mua·

183 3230 346 3295 honorem
370 3231 481 3295 beatae
504 3231 648 3312 virginis
672 3230 796 3294 Mariae
819 3229 993 3307 fabricari,
1009 3231 1046 3294 in
1064 3250 1134 3313 qua
1145 3202 1297 3243 dmm·

183 3327 309 3411 Anglis
325 3329 473 3393 Romam
496 3328 758 3393 advenientibus
780 3328 899 3392 divina
919 3329 1133 3393 celebraren-

182 3437 240 3493 tur
253 3429 430 3512 mysteria,
444 3437 479 3493 et
494 3429 530 3492 in
544 3447 614 3511 qua
627 3436 782 3510 possent,
791 3428 821 3491 si
832 3447 935 3510 quem
950 3447 994 3491 ex
1006 3426 1134 3510 Anglis

219 3631 227 3662 ¹
240 3629 341 3678 Ruinam
349 3628 445 3692 petiit]
462 3629 582 3678 Florence
593 3628 644 3677 and
669 3628 703 3688 hy
714 3628 790 3688 Oll'a3
801 3628 848 3677 but
858 3628 977 3690 Spelman
986 3629 1070 3678 shows
1078 3628 1135 3678 mar

182 3700 225 3748 the
243 3699 328 3748 Saron
345 3698 478 3748 Chroniele
494 3699 566 3760 place
580 3697 645 3746 lni's
669 3696 711 3746 the
731 3696 816 3746 school
832 3711 887 3746 was
909 3698 935 3745 in
957 3699 1085 3746 existence
1106 3703 1134 3748 at

183 3770 243 3818 visit
261 3774 287 3817 to
308 3768 385 3817 Rome
405 3768 431 3815 in
453 3769 495 3816 the
515 3767 645 3829 following
670 3766 748 3815 Rome
760 3766 834 3815 when
852 3767 912 3816 Oll'a
928 3766 1027 3816 arrived
1046 3766 1133 3828 there;

182 3853 261 3901 year3
277 3838 323 3885 but
344 3838 365 3884 it
383 3837 506 3898 probably
523 3835 644 3885 occurred
669 3835 767 3884 Concil.
789 3851 833 3897 pp.
854 3839 913 3898 Μ,
930 3851 979 3900 req.
1015 3837 1062 3885 See
1078 3837 1134 3886 also

183 3914 210 3958 at
221 3922 249 3956 or
260 3907 355 3967 shortly
366 3906 450 3955 before
461 3907 512 3954 this
522 3907 591 3954 time.
670 3903 789 3954 Malmsb.
801 3919 826 3966 p.
840 3909 897 3967 Μ,
912 3910 967 3954 nole
977 3904 997 3968 ⁴,
1007 3905 1058 3954 and
1076 3905 1134 3954 Μι-

218 3975 229 4004 ¹
240 3977 351 4027 Scaeam
362 3974 521 4038 Anglares]
539 3975 645 4023 Mahns-
669 3973 758 4036 billon,
769 3973 862 4023 Annal.
873 3974 901 4024 li.
912 3990 938 4036 p.
950 3978 975 4024 o.

182 4048 248 4108 bury
259 4049 337 4094 states
343 4046 399 4093 that
406 4044 457 4092 this
464 4045 473 4073 ⁴
481 4039 582 4093 schola’
591 4057 645 4092 was

184 4116 240 4166 said
252 4120 278 4163 lo
289 4115 354 4163 have
370 4115 433 4162 been
445 4113 555 4162 founded
566 4113 593 4161 in
604 4111 646 4160 the
709 4108 769 4159 ’Aa
780 4112 931 4161 lamuelem
942 4111 1017 4175 cam,]
1029 4111 1135 4172 scilieet,

182 4189 236 4236 frat
246 4181 648 4245 instance,‘primilusinatituta,’
672 4181 722 4231 ‘ad
733 4181 829 4243 quam!
