2888 4852
323 402 389 467 314
577 417 710 466 noorai
736 418 782 464 nr
805 416 1012 466 wnnuovun

324 567 578 637 sanctissimum
607 573 789 656 requievit.
842 573 974 639 Passus
996 583 1187 640 astantem
1213 595 1277 640 ve·

325 674 482 736 tissimus
506 691 569 736 rex
584 680 620 736 et
635 681 769 754 martyr
784 674 1009 737 Eadmundns
1025 694 1117 739 anno
1133 676 1279 740 Domini

324 773 610 853 octingentesimo
638 773 906 854 septuagesimo,
938 794 1030 837 anno
1059 776 1174 839 aetatis
1199 794 1275 839 suae

325 872 488 936 vicesimo
507 891 610 948 nono,
624 873 722 953 regni
733 873 788 936 sni
803 892 887 937 uero
902 893 995 938 anno
1011 874 1143 938 decimo
1161 882 1277 951 sexto,

323 971 381 1035 die
389 971 591 1035 duodecimo
599 971 812 1049 Decembris,
823 973 861 1036 in
869 972 1057 1037 indictione
1066 975 1181 1052 tertia,
1191 974 1277 1037 luna

324 1071 497 1135 existente
514 1070 679 1134 vicesima
697 1071 860 1137 secunda.

423 1243 465 1307 Ul
482 1265 591 1329 corpas
604 1243 705 1308 eoacti
719 1243 904 1308 anmuedr·
918 1243 1075 1308 iacentum
1081 1243 1188 1327 suerit

690 1344 916 1428 incorruptum.

163 1489 297 1531 marne
326 1522 331 1528 .
376 1467 507 1550 Elapso
528 1468 651 1531 deinde
673 1469 860 1532 multorum
883 1467 1068 1532 interuallo
1093 1486 1276 1545 annorum,

162 1539 317 1632 {spe-‘affl
325 1567 456 1632 sedatis
470 1568 609 1650 penitus
625 1567 792 1631 bellorum
808 1566 987 1643 incendiis,
1002 1567 1109 1649 coepit
1123 1566 1274 1630 fidelium

326 1668 439 1750 pietas
460 1667 643 1750 respirare,
659 1667 719 1750 qui
735 1668 771 1730 in
789 1666 867 1730 loco
884 1667 944 1730 ubi
965 1685 1092 1748 corpus
1114 1667 1276 1748 martyris

325 1767 509 1848 requievit,
542 1761 691 1831 ¹Hoxen
720 1785 812 1829 nunc
839 1768 883 1830 ab
905 1765 1028 1830 incolis
1062 1774 1274 1848 nuncupato,

326 1867 411 1930 visis
428 1867 642 1930 creberrimis
664 1865 907 1930 miraculorum
925 1865 1046 1947 siguis,
1067 1865 1104 1928 iu
1120 1865 1204 1929 villa
1221 1885 1278 1928 re·

326 1966 397 2046 gia,
419 1984 498 2047 quae
519 1966 642 2048 lingua
659 1963 854 2048 Anglorum
880 1959 909 1999 ²‘
923 1963 1276 2042 Betriscbesworthe‚'

324 2064 455 2132 Latine
473 2085 556 2130 vero
574 2065 734 2130 Beodrici
750 2066 857 2128 curtis
874 2066 949 2128 sive
966 2063 1147 2140 habitatio,
1167 2065 1277 2127 nomi·

328 2172 443 2242 natur,
460 2165 638 2229 basilicam
661 2164 911 2247 permaximam
933 2170 1213 2240 constrauerunt,
1239 2170 1276 2227 et

327 2264 372 2327 ad
395 2264 490 2327 illam
513 2274 671 2329 sanctum
700 2272 887 2346 martyrem
910 2264 947 2327 in
972 2283 1100 2345 magno
1124 2262 1276 2345 tripudio

327 2364 590 2428 transtulerunt.
636 2362 704 2426 Sed
728 2365 852 2428 mirum
877 2363 973 2428 dictu
999 2362 1167 2445 contigit3
1194 2381 1275 2425 nam

327 2470 405 2526 cum
422 2481 547 2544 corpus
565 2464 727 2545 martyris
750 2463 1036 2546 pretiosissimum
1057 2465 1102 2526 ob
1123 2462 1276 2544 spatium

327 2561 481 2625 diuturni
503 2563 668 2645 temporis
691 2563 922 2645 putrefactum
937 2563 981 2624 ab
999 2562 1156 2625 omnibns
1172 2568 1276 2644 puta-

326 2668 433 2738 retur,
457 2661 508 2725 ita
529 2661 701 2743 integrum
724 2671 897 2745 repertum
921 2670 976 2725 est
998 2670 1034 2725 et
1054 2662 1213 2738 illaesum,
1237 2668 1278 2725 ut

327 2780 397 2825 non
415 2760 526 2824 solum
549 2769 655 2844 caput
677 2763 813 2844 corpori
839 2761 1110 2841 redintegratum
1133 2767 1168 2824 et
1182 2779 1276 2823 com·

327 2861 544 2942 paginatum,
560 2860 621 2924 sed
636 2862 774 2924 omniuo
790 2861 875 2924 nihil
894 2859 930 2923 in
953 2878 995 2923 eo
1009 2860 1173 2937 vulneris,
1188 2860 1275 2923 nibil

328 2960 529 3042 apparuerit
544 2960 728 3024 cicatricis.
773 2959 898 3042 Sicque
915 2958 991 3022 Deo
1006 2959 1131 3040 diguus
1145 2968 1278 3040 martyr

329 3059 566 3137 Eadmundus,
583 3060 714 3124 viventi
728 3059 934 3136 simillimus,
949 3058 993 3121 ad
1011 3058 1124 3123 locum
1148 3078 1277 3123 memo·

327 3167 442 3223 ratum
466 3167 520 3222 est
541 3161 744 3236 translatus,
760 3165 949 3242 apparente
971 3159 1007 3222 in
1029 3158 1119 3222 collo
1141 3158 1217 3241 ejus
1239 3160 1276 3222 in

327 3259 464 3339 signum
488 3257 645 3341 martyrii
664 3278 726 3341 per
745 3278 869 3341 gyrum
897 3258 998 3341 quasi
1019 3257 1077 3322 filo
1102 3259 1276 3337 coccineo,

328 3357 419 3420 sicut
443 3359 564 3421 testari
589 3358 694 3422 solita
713 3357 778 3421 fuit
796 3357 954 3439 quaedam
978 3358 1090 3421 beatae
1115 3358 1277 3421 recorda·

329 3454 434 3519 tionis
458 3456 612 3533 foemina,
642 3455 769 3520 Oswen
794 3464 932 3535 uocata,
954 3476 1033 3539 quae
1063 3456 1107 3520 ad
1138 3475 1275 3521 sacrum

328 3555 491 3639 martyris
519 3555 752 3638 sepulchrum,
786 3556 930 3639 jejuniis
963 3575 1056 3638 saepe
1083 3575 1213 3619 uacans
1241 3566 1277 3622 et

328 3654 556 3731 orationibus,
578 3656 751 3737 permulta
776 3654 979 3738 [transegit]
1003 3675 1170 3718 annorum
1199 3676 1277 3719 cur·

329 3754 450 3830 ricula,
465 3747 621 3818 ³revulso
636 3756 729 3819 beati
744 3757 906 3838 martyris
920 3755 1110 3831 mausoleo,
1127 3755 1163 3818 in
1177 3775 1279 3820 coena

364 3987 373 4020 ¹
387 3985 500 4058 Horrea]
514 3989 598 4040 before
609 3990 692 4040 called
703 3990 791 4053 Egles·
851 3987 862 4020 ³
874 3990 979 4038 Recalso
991 3989 1054 4039 beuti
1063 3991 1203 4055 martyris]
1212 3993 1221 4019 ‘
1229 3993 1278 4041 Cui

328 4060 405 4108 dune.
816 4061 952 4109 venerabili
965 4061 1223 4109 foeminaeautdivina
1232 4064 1279 4109 mi·

363 4126 638 4192 membranula]
651 4145 708 4179 now
720 4130 791 4189 Bury
816 4132 939 4179 scratioue
947 4136 992 4180 aut
1000 4131 1077 4178 nimia
1085 4131 1216 4180 devotione
1224 4147 1278 4180 mos

412 4200 529 4263 luruud's,
540 4200 646 4250 suffolk.
816 4201 928 4261 inolevit,
939 4205 968 4250 ut
983 4200 1116 4261 sepulchro
1132 4203 1200 4251 beuti
1213 4217 1280 4251 mar·
