2888 4852
412 453 550 503 anonas
573 455 843 505 nrsromnaon.
1039 443 1103 506 421

152 607 303 687 locavit3
327 610 388 673 sed
409 630 472 674 nec
496 612 546 675 sic
569 612 709 694 dignam
733 614 899 677 ultionem
925 615 1105 697 effugiens,

150 717 231 788 post
257 727 383 771 anuum
410 729 535 792 corpus
558 712 634 795 ejus
658 720 768 776 totum
783 714 956 777 vermibus
978 715 1104 779 dicitur

150 826 226 870 esse
249 817 501 890 consumptum.
554 811 779 893 Splendidum
808 832 945 894 quoque
973 814 1102 879 beatis·

150 907 226 969 simi
255 909 347 989 regis
379 911 582 992 martyrium
609 911 701 975 clare
731 911 853 975 rutilat
881 931 943 994 per
967 913 1103 978 infinita

149 1006 278 1069 saecula
296 1008 514 1072 saeculorum.
567 1008 689 1073 Amen.

361 1184 411 1246 Da
425 1184 616 1248 mazariam
630 1186 710 1269 rapis
724 1185 894 1250 Etlalradi.

200 1304 304 1369 Anno
322 1306 465 1370 Domini
488 1325 736 1372 neoccnxxrx.
755 1309 972 1386 Ethelredus,
991 1310 1100 1374 frater
1112 1328 1222 1370 neam

150 1408 261 1469 sancti
285 1407 469 1470 Eadwardi
496 1409 587 1490 regis
607 1415 643 1471 et
664 1400 837 1490 martyris,
860 1416 895 1472 et
914 1408 1098 1474 Alsdrithae
1111 1379 1262 1471 ocl'fflllla.

150 1506 252 1581 illiue,
264 1506 405 1588 juvenis
429 1508 600 1589 egregius,
617 1508 762 1571 decorus
779 1516 934 1591 aspectu,
956 1510 1099 1590 pulcher

150 1606 185 1667 in
198 1605 311 1680 vultu,
332 1625 494 1687 procerus
517 1608 670 1689 corporis
694 1615 800 1683 statu,
816 1627 838 1670 a
854 1608 985 1672 sanctis
1007 1629 1097 1691 prae-

150 1705 283 1768 sulibus
308 1704 492 1769 Dunstauo
509 1706 762 1782 cantuariensi,
780 1706 943 1771 Oswaldo
968 1709 1097 1772 Ebora·

148 1806 255 1880 censi,
270 1811 306 1868 et
325 1805 441 1868 decem
466 1807 648 1888 episcopis,
664 1806 719 1869 die
744 1806 939 1884 Dominica‚
954 1801 1096 1873 ¹octauo

148 1903 315 1967 kalendas
339 1904 438 1979 Maii,
456 1906 491 1968 in
511 1904 710 1985 Kingstona
725 1907 823 1987 regni
840 1906 998 1969 diadema
1019 1926 1097 1971 sus·

148 2005 259 2085 cepit;
284 1998 336 2066 ²in
364 2023 434 2086 qua
463 2005 686 2068 coronatione
715 2005 877 2086 praedixit
907 2007 939 2069 ei
973 2007 1095 2070 beatus

150 2102 369 2178 Dunstanus,
385 2104 509 2184 spiritu
532 2103 722 2186 prophetiae
745 2105 879 2186 plenus,
896 2123 1030 2186 eaquae
1053 2105 1096 2169 de

148 2203 224 2284 ipso
240 2209 386 2266 ventura
409 2210 519 2280 eraut,
537 2209 572 2266 et
587 2202 679 2286 quod
702 2203 829 2266 multas
855 2204 1095 2267 tribulationes

149 2308 241 2364 esset
266 2303 303 2364 in
329 2322 436 2383 reguo
461 2321 640 2384 passurus,
662 2302 716 2365 his
738 2303 874 2384 verbis;
898 2302 1095 2381 ‘Quoniam

149 2401 333 2483 adspirasti
364 2402 407 2465 ad
441 2421 585 2484 regnum
617 2422 679 2484 per
709 2409 854 2466 mortem
882 2403 1000 2465 fratris
1031 2404 1095 2480 tui,

148 2520 249 2582 quem
275 2502 401 2565 occidit
425 2510 536 2565 mater
559 2509 630 2578 tua,
653 2509 837 2585 propterea
859 2502 939 2565 audi
953 2503 1096 2565 verbum

150 2601 303 2678 Domini,
330 2601 404 2665 haee
426 2602 510 2664 dicit
538 2601 840 2678 Dominu3,‘Nou
862 2600 999 2664 deficiet
1020 2601 1096 2681 gla-

148 2701 224 2763 dius
251 2701 292 2763 de
312 2700 416 2764 domo
430 2709 503 2776 tua,
518 2702 665 2764 saeviens
687 2702 722 2763 iu
745 2709 780 2764 te
802 2700 960 2764 omnibus
976 2699 1096 2763 diebus

148 2802 229 2863 vitae
255 2808 337 2876 tuae,
360 2800 569 2863 interficiens
597 2800 640 2863 de
664 2800 793 2863 semine
817 2807 889 2877 tuo,
916 2817 1098 2881 quousque

148 2918 291 2978 regnum
318 2907 415 2962 tuum
441 2898 671 2963 transferatur
699 2900 736 2962 in
760 2918 903 2980 reguum
934 2899 1096 2976 alienum,

150 2997 249 3080 cujus
272 2999 374 3061 ritum
400 3006 435 3061 et
450 2999 603 3079 linguam
626 3017 724 3079 gens,
747 2999 802 3062 cui
824 2998 1002 3080 praesides,
1026 3018 1096 3061 nou

149 3098 259 3171 novit,
280 3117 342 3161 neo
368 3099 565 3180 expiabitur
588 3099 654 3160 nisi
675 3098 781 3179 longa
795 3098 950 3160 vindicta
975 3115 1097 3178 pecca·

149 3203 223 3260 tum
240 3203 349 3273 tuum,
371 3203 407 3260 et
422 3203 600 3279 peccatum
626 3197 746 3261 matris
765 3203 845 3273 tuae,
859 3203 894 3259 et
916 3201 1097 3277 peccatum

148 3297 299 3359 virorum
325 3297 474 3373 illorum,
488 3297 547 3379 qui
563 3296 748 3360 interfuere
772 3295 917 3359 consilio
936 3294 1012 3378 ejus
1037 3313 1097 3357 ne·
1197 3342 1207 3357 ..
1314 3312 1317 3319 ’

149 3397 277 3479 quam!
330 3396 417 3461 Post
432 3397 521 3459 hanc
543 3397 635 3458 beati
653 3395 829 3459 Dunstani
845 3394 910 3457 viri
927 3394 994 3458 Dei
1016 3413 1098 3476 pro·

149 3496 314 3578 phetiam,
338 3497 445 3559 nubes
476 3515 538 3578 per
565 3502 674 3559 totam
700 3494 866 3575 Angliam
895 3513 986 3557 nuno
1015 3512 1097 3556 san·

151 3598 288 3675 giduea,
307 3616 398 3660 nunc
418 3597 532 3677 ignea,
549 3596 625 3659 visa
641 3603 706 3671 est,
721 3593 844 3657 dehinc
862 3594 898 3656 in
915 3593 1031 3656 radios
1045 3593 1097 3655 di·

150 3714 281 3772 versos,
308 3703 343 3758 et
359 3695 473 3759 varios
500 3700 633 3757 mutata
652 3694 796 3771 colores,
819 3693 912 3756 circa
938 3710 1098 3755 auroram

150 3794 330 3875 disparuit.
376 3794 505 3856 Eodem
536 3813 628 3856 anno
661 3794 733 3856 dux
765 3792 975 3869 Marciorum
1005 3788 1098 3855 Else-

185 4026 193 4058 ¹
209 4031 299 4077 Octavo
317 4029 432 4076 kalendae
449 4027 538 4090 Maia]
563 4029 613 4076 Ac·
636 4028 696 4077 alth
707 4027 737 4075 ol
743 4027 818 4087 April
829 4028 855 4074 in
867 4025 908 4074 the
922 4038 990 4073 same
1001 4038 1072 4084 year.

149 4099 254 4160 cording
271 4103 297 4145 to
314 4097 357 4145 the
378 4098 438 4146 Sax.
451 4097 544 4147 Chron.
562 4098 614 4146 Ae·
671 4094 725 4144 ’Ia
737 4110 784 4159 quo
795 4095 944 4143 coronatione
958 4093 1103 4158 predixit]

150 4169 247 4217 thelred
255 4167 397 4216 succeeded
405 4172 430 4215 to
438 4167 480 4215 tha
492 4166 613 4230 kingdom
636 4167 724 4215 Taken
736 4165 799 4214 from
808 4160 929 4215 Ooberu's
940 4163 1020 4214 lileol
1028 4164 1104 4213 Duu-

147 4239 173 4287 iu
194 4242 260 4301 Wssi
287 4238 406 4286 Florence
428 4250 497 4299 says,
519 4252 551 4286 ou
571 4237 613 4287 the
638 4240 703 4299 stau,
713 4251 739 4298 p.
754 4238 810 4286 118.
