2902 5332
363 408 428 479 1³8
620 425 755 473 aornar
778 427 825 473 nn
849 424 1055 474 wunnovnn

362 592 440 649 rent
471 592 533 649 aut
563 584 646 667 quid
673 583 803 648 vellent
832 581 962 646 dictum
1000 589 1054 646 est
1082 582 1315 666 respondisse,

302 733 310 748 .
362 684 455 766 quod
478 686 523 748 ob
547 685 612 748 boc
639 684 722 749 illuc
744 683 883 746 fuerant
909 681 1085 759 destinati,
1110 690 1151 747 ut
1173 701 1314 748 aureum

363 784 448 848 illud
464 785 645 862 numisma,
660 783 753 867 quod
767 803 808 847 eo
825 782 867 846 de
884 781 1011 847 cantia
1026 790 1182 859 venerat,
1196 802 1315 848 secum

363 892 591 949 assumerent.
644 885 729 967 Ipsa
750 890 867 947 autem
882 891 995 960 nocto,
1012 884 1048 946 in
1070 883 1169 968 cujus
1191 884 1315 948 ultima

364 991 476 1066 parte,
499 984 534 1047 id
555 994 622 1062 est,
638 984 824 1067 incipiente
841 1001 978 1060 aurora,
994 983 1178 1066 praesentis
1193 984 1314 1048 mundi

364 1085 525 1148 tenebras
547 1084 732 1161 transiens,
749 1102 935 1166 supernam
950 1084 1115 1164 migravit
1129 1082 1172 1147 ad
1188 1084 1312 1149 lucem.

364 1184 542 1266 Siquidem
565 1185 664 1250 multi
681 1183 724 1248 de
738 1184 904 1248 fratribus
921 1183 1076 1268 ejusdem
1098 1185 1321 1259 monasterii,

363 1285 422 1365 qui
443 1285 521 1348 aliis
545 1294 644 1349 erant
659 1283 855 1361 insedibus,
870 1283 946 1368 jam
968 1284 1149 1348 manifeste
1173 1303 1210 1348 se
1232 1303 1314 1348 con-

363 1391 484 1447 centus
525 1386 728 1466 angelorum
762 1383 985 1467 psallentium
1025 1385 1219 1448 referebant
1248 1402 1311 1447 au-

360 1483 465 1561 disse,
492 1485 551 1548 sed
575 1493 609 1548 et
633 1485 785 1549 sonitum
807 1484 909 1567 quasi
935 1484 1095 1566 plurimae
1117 1483 1311 1549 multitudi-

361 1583 415 1646 nis
438 1585 683 1648 monasterium
700 1584 966 1666 ingredientium
990 1584 1194 1662 audierunt;
1218 1583 1310 1648 unde

360 1703 444 1746 mox
475 1685 617 1765 egrossi,
643 1685 846 1767 dignoscere
882 1684 963 1766 quid
996 1693 1088 1749 esset
1120 1685 1310 1766 cupientes

360 1783 521 1847 viderunt
541 1785 651 1849 lucem
676 1784 810 1848 caelitus
833 1785 993 1849 emissam
1015 1785 1120 1848 suisse
1138 1785 1307 1867 permaxi·
1377 1785 1379 1789 ’

359 1902 463 1960 mam,
480 1904 559 1966 quae
574 1894 731 1949 sanctam
746 1885 840 1949 illam
863 1886 1014 1948 animam
1031 1885 1145 1949 carnis
1162 1885 1311 1949 vinculis

360 1983 554 2048 absolutam
573 1985 616 2048 ad
634 1992 764 2049 aeterna
783 1985 907 2068 patriae
932 1985 1081 2049 coelestis
1104 1984 1235 2066 gaudia
1251 1984 1310 2049 de·

358 2083 517 2148 ducebat.

408 2183 514 2248 Anno
537 2185 659 2267 gratia>
680 2201 806 2248 ncxnr.
824 2177 1027 2249 ¹Heraclius
1046 2183 1230 2267 Augustus
1251 2185 1311 2248 de·

359 2283 498 2348 functus
521 2293 595 2364 est;
629 2291 708 2367 post
728 2284 828 2368 cujus
848 2284 979 2348 obitum
1009 2284 1195 2349 Heraclius
1217 2283 1308 2349 Con-

358 2384 545 2462 stantinus,
572 2384 664 2448 filius
691 2383 779 2468 ejus,
805 2385 990 2467 imperavit
1020 2385 1195 2449 mensibus
1221 2403 1309 2468 qua·

359 2491 464 2564 tuor;
499 2484 624 2567 quibus
655 2483 716 2547 vix
748 2483 909 2566 expletis
939 2505 1073 2550 veneno
1102 2485 1307 2568 propinatus

358 2592 412 2648 est
428 2603 450 2647 a
467 2604 616 2649 noverca
632 2603 697 2647 sua
712 2583 879 2648 Martina.

408 2682 512 2748 Anno
544 2683 665 2766 gratiae
707 2701 847 2747 ncxnu.
883 2683 1113 2762 Heraclonas,
1148 2683 1305 2749 Heraclii

357 2783 461 2862 filius,
471 2804 548 2848 cum
565 2792 751 2847 matresua
763 2783 919 2848 Martina
933 2785 1118 2867 imperavit
1132 2786 1306 2848 mensibus

358 2903 444 2962 sex;
482 2885 607 2967 quibus
648 2884 808 2960 emensis,
847 2883 977 2966 repulsi
1015 2893 1098 2950 sunt
1131 2905 1153 2950 a
1182 2892 1305 2949 senatu

356 2993 498 3068 propter
517 3004 687 3049 venenum
713 2984 805 3066 quod
832 2983 1001 3048 Heraclio
1021 2986 1305 3069 propinaverunt,

356 3104 397 3149 ac
415 3085 536 3167 lingua
553 3084 717 3148 Martinae
740 3086 897 3167 praecisa,
920 3091 955 3148 et
974 3083 1183 3150 Heraclonae
1208 3105 1305 3162 naso,

356 3185 451 3249 missi
466 3184 602 3249 suntad
617 3183 844 3249 Constantem
856 3185 964 3248 filium
975 3185 1304 3270 Heracliijunioris.

412 3359 537 3422 Mortuo
554 3357 725 3443 kinigilso,
741 3379 807 3443 repe
821 3357 1059 3424 occidentalium
1074 3360 1243 3438 Swooma,

669 3457 709 3520 K
705 3457 834 3522 iaeroolc
847 3458 995 3523 succeseit.

194 3608 302 3647 anas.
405 3581 509 3646 Anno
532 3582 655 3663 gratiae
674 3600 827 3649 ncxnru.
850 3602 913 3646 rex
929 3583 1193 3649 occidentalium
1216 3585 1306 3650 Sax-

193 3659 296 3758 diditi
355 3703 458 3748 onum
485 3682 681 3764 Kinigilsus
714 3700 791 3746 cum
821 3690 1002 3764 regnasset
1030 3685 1131 3748 annis
1162 3686 1305 3768 triginta

306 3995 312 4004 ,
389 3948 564 4011 ¹Heauctiuc]
582 3949 623 3997 He
636 3948 696 3997 diod
711 3953 737 3996 ll
752 3948 813 3998 Feb.
840 3964 872 3997 on
894 3955 1001 3998 account
1023 3950 1052 3999 os
1069 3951 1109 3999 his
1131 3951 1218 4012 death,
1240 3952 1304 4002 from

352 4025 411 4071 orl.
459 4021 509 4069 His
530 4035 574 4068 eon
598 4019 735 4068 Heraclius
761 4019 812 4067 had
838 4019 1305 4083 Tbeopbsnee,Cedrenus,andNice·

352 4093 415 4141 been
432 4090 571 4139 associated
591 4090 653 4137 with
674 4089 713 4137 bis
732 4089 814 4138 father
839 4089 941 4152 phoras,
959 4091 1001 4139 the
1021 4092 1110 4140 render
1128 4107 1186 4155 may
1205 4096 1305 4144 consult

353 4163 378 4210 in
396 4161 438 4210 tbe
456 4165 615 4224 government
631 4161 657 4208 in
669 4164 726 4208 61³.
763 4160 812 4207 For
840 4161 914 4224 Pagi,
925 4160 958 4210 ad
970 4177 1012 4211 an.
1023 4162 1144 4224 ddl,§d.
