2888 4852
333 421 409 487 -804
600 433 735 486 nonum
758 436 806 484 nu
828 427 1035 484 wnnnovmr·

343 594 387 659 de
409 593 517 678 stirpe
538 594 635 676 regia
660 595 754 659 illius
770 594 884 677 gentis
907 591 1123 677 progenitus,
1140 583 1295 654 ¹nomine

345 694 590 774 Lothbrocus3
629 695 697 773 hic,
728 714 808 759 cum
842 693 929 757 duos
964 692 1066 769 filios,
1106 683 1295 772 'Hinguar

344 794 478 858 scilicet
494 802 528 859 et
544 794 722 871 Hubbam‚
744 814 790 858 ex
807 813 917 857 uxore
938 792 1125 874 genuisset,
1143 787 1293 874 quadam

345 892 401 958 die
431 912 508 958 cum
535 895 698 976 accipitre
724 893 820 958 solus
849 895 986 956 brevem
1013 889 1208 956 naviculam
1240 888 1293 952 in·

346 1012 498 1076 gressus,
528 1002 567 1058 ut
603 994 640 1057 in
671 993 795 1057 insulis
830 993 936 1056 maris
966 999 1003 1055 et
1036 998 1138 1055 terrae
1170 987 1294 1054 vicinis

346 1099 467 1157 anates
487 1101 523 1157 et
537 1093 691 1157 aviculas
714 1093 802 1156 alias
816 1098 1060 1175 aucuparetur,
1076 1090 1192 1153 subita
1207 1096 1295 1152 tem-

345 1199 481 1274 pestate
503 1195 657 1270 suborta,
675 1193 767 1255 intra
791 1191 898 1255 maris
917 1189 1135 1255 latitudinem
1160 1196 1293 1271 raptae,

346 1291 466 1355 diebus
497 1293 629 1374 aliquot
660 1311 739 1356 cum
772 1292 931 1356 noctibus
962 1290 1028 1354 huc
1056 1288 1207 1372 illucque
1234 1287 1294 1351 de-

341 1389 458 1474 jectus
482 1391 635 1472 graviter
658 1393 872 1470 vexabatur3
898 1391 958 1473 qui
984 1388 1124 1454 tandem
1143 1385 1292 1470 plurima

345 1490 451 1554 maris
476 1491 629 1573 pericula
653 1509 837 1574 perpessus
862 1491 898 1552 in
924 1488 1089 1570 Angliam
1117 1487 1292 1571 projectus

227 1579 233 1590 ⁸
346 1595 411 1667 est,
428 1597 464 1653 et
488 1590 524 1654 in
549 1590 728 1674 provincia
751 1590 969 1654 orientalium
986 1587 1192 1671 Anglorum,
1216 1605 1294 1670 quae

347 1687 510 1753 Nortsolc
531 1691 575 1754 ab
601 1689 722 1754 incolis
745 1689 882 1766 dicitur,
906 1688 996 1771 apud
1023 1682 1201 1752 ⁸Redham
1226 1685 1292 1750 vil-

347 1786 416 1851 lam
445 1788 631 1871 applicuit;
656 1791 716 1872 qui
742 1788 831 1854 forte
859 1790 903 1853 ab
926 1787 1120 1852 hominibus
1142 1786 1293 1867 regionis

347 1906 426 1950 cum
451 1889 614 1972 accipitre
635 1889 730 1952 solus
746 1889 919 1965 inventus
935 1887 1009 1969 regi
1032 1885 1293 1967 Est-auglorum

348 1985 553 2051 Eadmundo
569 2008 632 2070 pro
648 1988 813 2052 miraculo
838 1993 1080 2070 praesentatur,
1103 1993 1137 2050 et
1155 1986 1292 2068 abipso

348 2105 441 2168 rege,
464 2094 608 2170 proptor
636 2088 927 2169 elegantissimam
957 2086 1110 2168 corporis
1137 2084 1293 2159 formam,

347 2205 426 2249 cum
449 2185 578 2251 honore
608 2194 779 2270 receptus,
808 2185 1007 2269 aliquandiu
1038 2185 1192 2248 incuria
1216 2184 1293 2267 ejus

348 2286 525 2362 remansit,
551 2293 587 2349 et
611 2286 774 2369 quoniam
807 2286 927 2368 lingua
961 2285 1140 2348 Danorum
1168 2280 1295 2365 Angli-

348 2402 444 2461 canae
460 2384 609 2467 loquelae
626 2386 739 2449 vicina
755 2397 821 2461 est,
835 2384 1051 2449 Lothbrocus
1068 2383 1140 2465 regi
1155 2402 1295 2447 narrare

347 2484 454 2565 coepit
484 2503 553 2566 quo
585 2504 668 2548 casu
698 2484 733 2547 in
760 2483 925 2565 Angliam
955 2485 1077 2547 fuisset
1108 2483 1294 2566 projectus.

348 2580 561 2647 Placuerunt
586 2584 704 2668 itaque
719 2583 914 2648 Lothbroco
941 2583 977 2646 in
996 2602 1076 2663 rege
1092 2582 1296 2645 Eadmundo

347 2701 480 2746 morum
497 2683 674 2765 plenitudo
696 2679 731 2748 et
752 2683 884 2747 militiae
910 2682 1091 2765 disciplina
1112 2681 1293 2765 quamplu-

347 2781 484 2859 rimum,
507 2783 608 2846 simul
633 2791 668 2847 et
687 2783 864 2847 curialitas
886 2781 1097 2846 adstantium
1121 2782 1295 2844 ministro·

347 2900 436 2959 rum,
453 2901 540 2964 quos
555 2884 683 2965 regalis
695 2883 868 2947 industria
879 2883 915 2945 in
930 2881 1023 2946 omni
1040 2901 1151 2944 rerum
1170 2887 1295 2944 ornatu

348 2988 384 3044 et
406 2981 581 3047 schemate
603 2984 784 3047 verborum
808 2981 955 3066 pleniter
977 2979 1187 3044 informavit.
1238 2977 1296 3044 Ad

348 3078 436 3144 hanc
453 3101 590 3164 quoque
601 3082 818 3146 Lothbrocus
833 3100 966 3145 morum
982 3079 1199 3163 disciplinam
1216 3099 1296 3162 pro-

348 3187 493 3245 vocatus
508 3182 655 3264 rogabat
672 3202 787 3264 regem
813 3180 1029 3264 propensius,
1045 3187 1084 3244 ut
1097 3179 1162 3243 sibi
1177 3180 1297 3244 liceret

347 3279 385 3343 in
411 3280 488 3363 ojus
512 3282 608 3345 curia
628 3282 810 3358 demorari,
835 3287 875 3343 ut
890 3281 995 3362 regiis
1017 3286 1135 3362 posset
1160 3279 1296 3361 plenius

347 3377 472 3442 instrui
495 3380 706 3464 disciplinis3
732 3399 877 3463 cumque
901 3399 964 3444 rex
982 3378 1208 3443 Eadmundus
1234 3399 1295 3461 pe-

348 3477 505 3542 titionem
536 3480 611 3563 ejus
649 3481 834 3545 clementer
866 3480 1076 3555 exaudisset,
1101 3478 1224 3562 junxit
1258 3498 1297 3543 se

348 3575 566 3642 Lothbrocus
583 3579 740 3643 venatori
761 3579 851 3661 regis
873 3578 1010 3643 nomine
1034 3579 1161 3655 Berno,
1178 3585 1218 3641 ut
1240 3597 1296 3642 ar-

347 3683 417 3741 tem
432 3679 659 3756 venatoriam,
684 3679 719 3742 in
742 3698 812 3761 qua
838 3680 950 3743 fluerat
971 3679 1126 3743 eruditus
1149 3677 1193 3741 ad
1220 3679 1294 3760 ple-

384 3938 510 3991 ¹Nomiae
530 3942 699 4006 hortm]
727 3942 809 3992 called
833 3944 876 3993 the
888 3945 972 3993 Saxon
984 3943 1287 4006 chronicle‘lligwau!

347 4012 460 4074 bySaxo
479 4013 627 4074 ‘Regnems
644 4013 810 4074 Lodbrogusss
869 4011 1027 4078 ’Redlomd
1052 4029 1068 4062 a
1084 4014 1178 4077 village
1200 4029 1231 4062 on
1254 4015 1297 4065 the

346 4096 376 4131 or
385 4084 392 4110 ‘
402 4083 505 4145 Ragnar
513 4082 626 4131 Lodbroc
634 4082 649 4141 ;’
661 4096 704 4130 see
716 4084 810 4132 Ponta-
834 4084 902 4132 Yare
913 4085 979 4133 river
990 4086 1015 4132 in
1028 4083 1136 4133 Norfolk
1149 4096 1156 4145 ;
1174 4083 1298 4146 camden,

346 4166 429 4271 ”⁰523
417 4153 486 4234 llist.
497 4153 565 4285 Dap.
572 4167 612 4271 pp
623 4167 650 4233 p.
661 4156 758 4270 {ilaued
782 4222 789 4235 υ
831 4153 988 4272 pnpdhtsslj
1017 4154 1100 4203 called
1121 4154 1155 4215 by
1178 4155 1297 4204 Bronton

429 4237 528 4284 agam.
600 4236 657 4270 ers
676 4237 707 4271 ca
781 4237 807 4271 rn
923 4238 973 4273 am.
