2888 4852
324 418 390 483 854
583 437 716 485 uocaui
741 440 789 486 on
810 418 1020 487 wannovna

326 593 485 659 devotius
508 614 611 677 quam
631 594 799 659 hactenus
817 596 959 674 fecistiS,
982 597 1142 661 insistere
1159 597 1285 662 stude-

327 695 418 759 atis,¹
485 695 553 758 His
578 694 714 779 judices
742 696 870 759 auditis
899 697 1072 778 perterriti
1097 715 1138 760 ac
1166 697 1282 761 veluti

326 815 390 878 pro
414 795 568 859 maxima
590 794 745 859 vindicta
770 795 915 860 correcti
942 794 987 859 ad
1010 797 1186 878 aequitatis
1209 797 1284 861 dis·

328 894 444 960 cendae
467 894 619 959 studium
645 894 728 958 totis
752 895 888 958 viribus·
903 915 941 959 se
961 903 1095 959 vertere
1122 896 1278 959 niteban·

328 1001 396 1070 tur,
421 996 473 1059 ita
497 1002 537 1057 ut
568 994 752 1057 illiteratos
779 995 887 1058 literis
913 994 1052 1059 studere
1080 995 1210 1059 faceret
1241 1004 1282 1060 et

329 1100 505 1175 torpentes
536 1093 715 1157 reduceret
740 1093 783 1156 ad
819 1095 1000 1176 sapientiae
1031 1094 1246 1176 disciplinam
1270 1117 1280 1174 3

329 1192 481 1257 undeet
506 1192 574 1273 ipsi
599 1211 711 1269 senes,
736 1192 779 1257 ad
804 1192 972 1257 literalem
995 1194 1174 1257 scientiam
1200 1214 1281 1257 sus-

328 1293 491 1374 pirantes,
511 1291 627 1355 felices
644 1293 901 1356 arbitrabantur
923 1293 1015 1356 illius
1036 1294 1199 1375 temporis
1217 1294 1280 1376 ju-

328 1410 445 1469 venes,
460 1391 521 1474 qui
536 1391 734 1454 liberalibus
751 1391 884 1454 artibus
903 1400 1066 1474 poteraut
1082 1392 1221 1470 erudiri,
1239 1402 1279 1456 et

327 1510 365 1555 se
381 1490 548 1568 infelices,
563 1491 622 1572 qni
636 1490 767 1554 indocti
784 1499 1035 1569 remanserunt,
1048 1478 1195 1556 'eatenus
1214 1493 1230 1575 j
1235 1512 1278 1556 u-

327 1590 501 1660 dicabant.

490 1764 540 1828 De
555 1762 743 1847 eleuabayoia
757 1764 864 1848 moyai
879 1764 960 1849 repis
973 1764 1114 1849 Alsredi.

164 1897 275 1939 ww·
388 1886 493 1952 Anno
521 1887 662 1950 Domini
687 1903 943 1952 ncccuxxxm.
968 1888 1130 1953 defuncto
1158 1890 1279 1954 Ethel-

163 1949 291 2089 hhlffhm·
326 1987 420 2063 redo,
444 1987 703 2052 Dorobernensi
728 1989 998 2070 archiepiscopo,
1020 1983 1277 2071 ¹Plegmuudus

164 2055 186 2087 ω
229 2061 271 2090 '¹²⁰'
324 2088 502 2151 successit.
552 2080 701 2150 ²Eodem
726 2106 817 2151 anno
841 2108 904 2152 rex
922 2086 1086 2152 Alsredus
1108 2092 1277 2171 praecepit

325 2188 483 2249 omnibus
499 2185 639 2267 Angliee
656 2187 826 2269 episcopis
843 2195 878 2250 et
896 2188 979 2250 viris
1001 2188 1171 2269 religiosis
1190 2190 1276 2252 fide-

325 2285 408 2348 lium
425 2286 661 2367 eleemosynas
685 2286 859 2367 colligere,
877 2287 1109 2369 collectasque
1124 2288 1275 2352 Romam

324 2391 430 2465 atque
450 2383 730 2467 Hierosolymam
752 2385 926 2450 destinare
944 2407 954 2466 3
986 2406 1049 2450 rex
1071 2407 1208 2469 quoque
1231 2389 1276 2452 de

323 2483 486 2547 thesauro
511 2502 575 2546 suo
603 2502 672 2546 nou
698 2484 865 2548 modicam
893 2487 1097 2567 portionem,
1119 2486 1274 2551 fidelium

322 2583 548 2665 eleemosynis
575 2582 719 2661 unitam,
745 2584 788 2647 ad
817 2586 895 2647 loca
927 2587 1131 2669 praescripta
1160 2595 1275 2651 trans·

322 2682 428 2745 misit.

428 2848 477 2913 De
492 2848 574 2912 obito
587 2848 785 2913 urbinate
799 2851 913 2914 sororis
928 2851 1008 2936 repis
1023 2850 1162 2934 Alfredi.

371 2971 475 3036 Anno
492 2974 635 3037 Domini
651 2990 805 3037 nccoxo.
823 2968 950 3057 ³Gytro
972 2975 1107 3051 Daune,
1125 2996 1185 3038 rex
1203 2978 1273 3039 ori-

320 3072 485 3137 entalium
500 3072 706 3154 Anglorum,
727 3073 818 3136 diem
841 3074 965 3137 clausit
988 3082 1192 3150 extremum,
1210 3077 1270 3156 qui

319 3192 462 3253 reguum
486 3172 583 3248 illud,
605 3171 747 3235 Alfredo
780 3192 861 3254 rege
888 3174 1051 3249 donante,
1078 3183 1271 3255 acceperat,

320 3291 398 3335 cum
416 3273 518 3335 abeo
537 3270 833 3335 christianitatem
852 3274 997 3354 accepit.
1032 3272 1161 3336 Eodem
1177 3293 1269 3337 anno

354 3525 361 3555 ¹
375 3529 562 3592 Plegmandur,]
573 3545 602 3577 or
612 3530 780 3579 Plemuudus.
806 3530 870 3578 alms
882 3534 907 3578 to
919 3531 997 3578 Rome
1015 3531 1049 3591 by
1063 3531 1169 3593 Beocca,
1180 3533 1234 3581 earl
1245 3534 1275 3581 ol

319 3597 477 3659 Malmsbury
485 3598 623 3647 emteethat
631 3599 662 3647 he
670 3597 729 3646 held
739 3598 780 3647 the
807 3599 923 3660 Wessex,
935 3600 960 3646 in
978 3604 1035 3660 888,
1046 3601 1097 3648 and
1110 3601 1269 3663 Reomhelm‚

318 3681 361 3715 see
388 3667 417 3716 ol
442 3667 599 3729 Cauterbury
620 3668 781 3729 thirty-three
806 3670 891 3729 abbat,
908 3670 933 3716 in
952 3673 1010 3718 880.
1047 3671 1165 3719 Floreuce
1185 3672 1272 3732 places

319 3751 401 3798 years.
417 3736 471 3785 'l'he
483 3738 567 3785 Saxou
580 3738 782 3787 Chromrecords
808 3734 928 3787 Beocca’s
939 3739 999 3787 visit
1016 3740 1041 3786 in
1053 3744 1110 3800 889,
1119 3741 1202 3788 which
1215 3757 1272 3802 pro-

317 3805 358 3855 his
369 3806 445 3855 death
458 3809 482 3854 iu
491 3811 548 3868 928,
560 3807 645 3855 whilst
656 3808 676 3855 it
684 3807 738 3855 will
750 3807 781 3856 be
806 3808 881 3867 bably
892 3809 914 3856 is
926 3807 984 3857 here
992 3809 1119 3858 intended.
1140 3810 1273 3859 Noothers

318 3875 397 3924 found
416 3877 498 3925 below
518 3878 543 3924 iu
562 3881 620 3926 015.
658 3878 782 3937 Compare
806 3878 915 3925 mention
927 3878 1080 3928 Jerusalem.

317 3947 474 4008 Anngaer.
483 3947 500 3994 i.
510 3943 781 4006 p.oe,withHearne’s
841 3945 965 4009 ³Gytro,]
991 3964 1020 3995 or
1043 3948 1181 4009 Guthrum,
1203 3965 1272 3998 men·

317 4015 776 4077 noteinspelm.1ifeofAelsr.p.1ar.
806 4016 891 4064 tioned
903 4017 982 4064 above
991 4031 1020 4066 as
1032 4018 1126 4079 having
1136 4019 1199 4066 been
1208 4020 1271 4081 bap-

806 4086 872 4134 tized
885 4091 910 4134 at
924 4086 1053 4148 Wadmor,
1065 4089 1115 4135 and
1132 4090 1223 4136 named
1235 4092 1268 4150 by

353 4151 780 4218 ’EodemuoaoffleSamChrom
807 4155 912 4204 Aelsred
931 4154 1113 4207 ‘semustam‘
1150 4159 1270 4207 Floreuce

317 4224 368 4272 and
379 4224 479 4274 Simeon
486 4226 568 4273 notice
576 4224 618 4273 the
629 4226 747 4287 carrying
755 4226 784 4274 ol
807 4225 892 4286 places
904 4225 944 4273 his
955 4226 1031 4275 death
1043 4227 1068 4275 in
1081 4232 1138 4276 891.
