2888 4852
160 2893 215 2933 Ab.
226 2893 283 2932 tolo.

160 2944 284 2983 Thaliam

160 3004 238 3041 rouge

161 3043 247 3083 neren.

316 408 382 471 452
571 422 704 470 aocuor
731 422 777 468 nu
802 420 1009 470 wauoovsa

317 583 435 662 gliam,
466 589 505 645 ut
534 589 595 644 aut
621 580 724 642 morti
752 581 991 644 succumberet
1018 586 1081 643 aut
1105 576 1281 661 Angliam

318 681 533 767 subjugaret.
597 680 722 762 Itaque
750 680 794 743 ad
823 676 996 744 Sandwici
1026 687 1167 762 portum
1196 697 1282 742 cum

318 782 429 847 classe
450 780 567 844 valida
593 779 772 862 appulsus,
794 785 831 841 et
852 781 932 844 inde'
954 780 990 843 in
1010 779 1282 844 west-saxoni·

319 901 373 945 am
391 881 578 964 profectus,
596 879 751 943 foedabat
766 879 883 943 omnia
898 879 1050 944 cedibus
1064 898 1106 942 ac
1120 879 1279 962 rapinis;

319 989 355 1045 et
382 981 544 1063 quonism
567 979 773 1043 Ethelredus
795 998 859 1042 rex
881 979 974 1062 apud
1001 973 1165 1044 ¹Cosham
1191 985 1280 1042 tunc

320 1080 525 1160 aegrotabat,
543 1078 768 1142 Eadmundus
785 1077 1060 1142 Latus-ferreum
1080 1078 1173 1142 filius
1196 1079 1279 1162 ejus'

320 1179 371 1242 illi
395 1198 575 1242 occurrero
602 1179 773 1256 tentavit3
797 1177 857 1240 sed
884 1198 962 1242 cum
987 1179 1079 1243 acies
1099 1178 1280 1242 hostiliter

321 1279 504 1343 convenire
533 1278 745 1353 debuissent,
771 1277 843 1340 dux
866 1284 902 1341 et
924 1278 1080 1360 proditor
1103 1277 1278 1342 Eadricus

323 1378 526 1442 Eadmundo
557 1378 703 1459 parabat
733 1376 889 1454 iusidias,
914 1377 1040 1459 quibus
1068 1377 1166 1440 illum
1191 1378 1278 1442 dolo

322 1486 481 1556 necaret3
504 1496 574 1560 quo
592 1478 724 1558 agnito,
741 1476 966 1540 Eadmundus
989 1496 1098 1561 parvo
1120 1477 1277 1559 stipatus

321 1579 459 1659 agmine
480 1578 522 1641 de
547 1576 668 1659 praelio
692 1595 768 1638 sese
788 1577 962 1640 subtraxit
984 1585 1019 1641 et
1041 1576 1201 1641 hostibus
1224 1578 1278 1641 lo-'

321 1697 398 1742 cum
420 1676 464 1740 ad
479 1684 615 1759 tempus
637 1676 818 1739 concessit.
874 1674 950 1739 Nec
968 1677 1078 1741 multo
1100 1684 1181 1760 post
1198 1677 1277 1741 dux

321 1784 356 1842 et
379 1777 536 1860 proditor
563 1775 731 1839 Eadricus
756 1775 800 1838 ad
821 1773 1016 1840 Cuutouem
1038 1777 1179 1841 veniens
1211 1796 1277 1842 suo

321 1896 359 1940 se
388 1876 540 1940 dominio
570 1875 795 1957 mancipavit,
829 1875 929 1959 cujus
963 1877 1123 1959 exemplo
1159 1878 1277 1942 omnis

321 1976 588 2040 west-saxonia
609 1976 700 2039 idern
726 1975 868 2051 faciens,
891 1975 982 2039 datis
1005 1977 1193 2053 obsidibus,
1215 1997 1278 2041 ex·

322 2076 445 2141 ercitui
464 2077 644 2140 Danorum
661 2094 769 2156 equos
792 2081 826 2138 et
850 2095 946 2139 arma
968 2077 1126 2159 paravit3
1151 2076 1279 2142 Mercii

322 2196 460 2258 quoque
482 2195 558 2240 sese
583 2176 627 2238 ad
650 2174 877 2238 resistendum
905 2175 1105 2253 offerebant,
1129 2176 1189 2239 sed
1213 2197 1280 2259 per

323 2277 414 2356 regis
441 2275 617 2356 ignaviam
649 2274 827 2355 negotium
849 2275 932 2339 belli
954 2276 1155 2340 dilationem
1177 2295 1281 2341 acce-

323 2375 391 2457 pit·
449 2374 579 2437 Eodem
603 2393 706 2450 anno,
729 2374 891 2438 defuncto
918 2373 1151 2453 Athelwoldo,
1174 2376 1280 2442 Win-

323 2473 471 2538 touiensi
487 2474 661 2556 episcopo,
674 2467 821 2537 ²Alfsius
839 2475 1017 2539 successit.

410 2649 498 2728 Quod
517 2672 571 2714 roc
592 2651 689 2715 Onoto
709 2660 737 2714 et
760 2652 824 2716 dac
843 2651 1003 2715 Eodricos
1021 2650 1175 2737 Aeoliam

659 2751 831 2836 depredati
845 2762 926 2816 sumt.

374 2875 477 2941 Anno
504 2876 645 2939 Domini
669 2892 778 2939 Mxv1.
805 2871 885 2939 ³rex
906 2877 1085 2941 Danorum
1103 2874 1220 2940 Cuuto
1243 2885 1281 2942 et

321 2976 461 3058 iniquus
488 2976 561 3039 dux
588 2975 771 3051 Eadricus,
798 2975 951 3040 instante
982 2975 1167 3059 epiphania
1200 2977 1281 3041 Do-

324 3077 419 3153 mini,
437 3095 514 3139 cum
538 3076 647 3138 multo
670 3076 827 3157 equitatu
846 3075 1011 3140 Merciam
1035 3075 1208 3139 hostiliter
1223 3077 1282 3139 in·

323 3183 518 3251 traveruut,
538 3183 573 3239 et
595 3175 722 3238 multas
745 3176 781 3237 in
805 3195 848 3239 ea
869 3176 969 3239 villas
995 3175 1219 3240 incendentes
1242 3185 1282 3241 et

325 3276 439 3359 spolia
464 3277 650 3357 rapientes,
674 3294 908 3358 quoscumque
934 3277 1141 3340 invenerunt
1165 3275 1281 3339 homi-

326 3396 387 3439 nes
405 3382 633 3458 peremerunt.
686 3375 732 3438 Et
751 3374 865 3439 Cnuto
879 3375 957 3439 inde
980 3375 1024 3439 ad
1048 3376 1165 3438 urbem
1184 3375 1281 3438 Lon-

325 3472 511 3538 doniarum'
528 3475 698 3538 transiens
715 3471 792 3538 earn
814 3474 990 3538 obsidione
1009 3475 1165 3552 vallavit,
1183 3478 1281 3558 quod

325 3574 469 3637 audieus
496 3572 589 3638 Clito
616 3573 840 3637 Eadmundus
870 3574 952 3639 illuc
980 3575 1181 3653 contendit3
1215 3577 1281 3640 sed

324 3693 402 3737 curn
420 3673 536 3738 Cnuto
559 3674 677 3736 urbem
698 3674 797 3756 quasi
819 3675 1124 3757 inexpugnabilem
1147 3694 1281 3756 cogno·

360 3939 369 3971 ¹
383 3943 507 4007 Cochen]
525 3942 657 4004 Corsham,
675 3944 700 3990 in
714 3943 788 3992 wilt·
850 3941 921 3991 ³Rex
929 3944 1054 3993 Dacorum
1063 3946 1281 4010 Cnstoett'nipm

323 4013 400 4063 shire.
812 4015 865 4062 dux
876 4014 1016 4079 liodricus]
1032 4015 1218 4065 Theeventsos
1226 4018 1280 4068 this

359 4081 496 4147 ’,4νείωῆ
508 4082 590 4131 called
607 4083 661 4131 also
673 4083 787 4143 Elsinus,
812 4099 872 4144 year
889 4089 914 4132 to
936 4084 978 4133 the
997 4085 1073 4133 death
1092 4086 1122 4134 oi
1138 4086 1280 4138 Aethelred

324 4152 373 4200 and
387 4154 525 4213 Eadsinus,
536 4152 742 4214 ondAelssigus3
755 4153 786 4202 he
811 4169 853 4202 are
870 4154 992 4216 abridged
1004 4154 1066 4203 from
1082 4156 1124 4205 the
1143 4155 1219 4206 fuller
1234 4173 1281 4208 nc·

324 4222 383 4270 died
395 4224 420 4271 in
434 4226 514 4283 1⁰³23
532 4223 593 4271 Sar.
605 4222 698 4273 Chron.
810 4230 886 4273 count
897 4225 930 4285 hy
943 4224 1070 4274 Floreuce.
