2888 4852
405 414 543 462 neonus
568 415 834 465 nrsnonmnuu.
1029 401 1097 465 319

145 568 241 647 dulfi,
263 571 323 653 qui
346 571 412 636 fuit
427 572 549 652 Getae3
573 573 663 638 hune
685 581 819 638 veteres
841 574 924 639 olim
947 576 1094 657 gentiles

143 689 205 750 pro
229 670 292 734 deo
307 676 573 751 venerabantur,
595 675 695 758 eujus
718 674 890 750 Sedulius,
907 683 1011 756 poeta
1033 695 1093 740 ex·

144 769 260 847 imins,
290 772 326 834 in
350 774 506 854 paschali
534 775 685 837 carmine
714 774 922 838 mentionem
952 774 1094 852 faciens,

145 868 195 932 ait
209 889 218 949 3

227 1011 322 1069 ‘Cum
336 1031 388 1069 sua
401 1012 522 1088 gentiles
536 1012 667 1070 studeant
680 1012 816 1089 figmenta
828 1020 920 1090 poctae

246 1107 434 1165 Grandisonis
447 1127 581 1186 pompare
594 1108 695 1177 modis,
709 1109 874 1185 tragicoque
887 1109 983 1179 boatu,

245 1201 414 1262 Ridiculove
428 1205 522 1273 Geta,
536 1224 587 1262 seu
600 1204 725 1282 qualibet
739 1213 799 1263 arte
813 1205 954 1262 canendi.'

144 1361 238 1428 Geta
266 1363 374 1446 igitur
403 1365 469 1429 fuit
500 1365 591 1428 filius
615 1364 772 1444 Teatwa,
802 1367 859 1449 qui
888 1367 954 1431 suit
982 1367 1092 1445 Beau,

145 1463 204 1544 qui
222 1463 288 1527 suit
303 1463 452 1541 Seldwa,
462 1465 522 1548 qui
533 1464 598 1528 fuit
614 1458 737 1529 ¹Sceaf
743 1486 752 1543 3
767 1466 846 1543 iste,
864 1473 904 1530 ut
915 1467 1041 1545 ferunt,
1056 1469 1093 1531 in

145 1561 317 1644 quandam
334 1564 480 1627 insulam
501 1564 710 1642 Germaniae,
734 1564 921 1629 Scandalin
943 1567 1092 1643 nomine,

145 1660 188 1724 de
210 1680 280 1742 qua
293 1661 471 1728 Jordanus
497 1661 691 1728 Gothorum
716 1664 1015 1748 historiographus
1041 1666 1092 1730 lo·

146 1760 275 1840 quitur,
290 1761 356 1826 fuit
370 1762 537 1844 appulsus
557 1763 592 1826 in
616 1765 698 1827 navi
724 1765 798 1829 sine
814 1765 944 1846 remige
965 1784 1093 1848 pueru-

146 1860 211 1936 lus,
241 1862 356 1943 posito
385 1862 428 1925 ad
466 1870 573 1944 caput
599 1862 674 1944 ejus
704 1862 866 1928 frumenti
904 1864 1093 1947 manipulo,

145 1979 247 2043 quem
262 1961 374 2042 patria
397 1961 517 2043 lingua
531 1968 541 1996 ‘
553 1961 668 2026 schef'
683 1962 840 2041 dicimus,
858 1961 993 2027 Gallice
1009 1984 1093 2028 vero

145 2059 332 2141 ‘garbam’
353 2061 525 2125 dormiens
555 2062 717 2126 iuventus
741 2070 808 2140 est,
842 2061 906 2128 hae
939 2083 1023 2146 ergo
1049 2064 1092 2128 de

144 2178 250 2223 causa
270 2160 378 2224 Schef
396 2161 592 2242 appellatus
616 2169 651 2225 et
666 2163 710 2226 ab
725 2161 920 2227 hominibus
942 2164 1093 2245 regionis

144 2278 207 2340 pro
233 2259 398 2323 miraculo
427 2268 607 2343 exceptus,
635 2270 671 2325 et
695 2261 815 2326 scdulo
840 2269 893 2325 est
920 2262 1091 2341 nutritus;

145 2358 204 2439 qui
230 2357 350 2422 adulta
367 2367 471 2424 aetate
488 2360 648 2443 regnavit
672 2360 709 2423 in
735 2360 875 2444 oppido,
894 2361 985 2442 quod
1009 2368 1092 2425 tunc

144 2456 301 2534 Slaswic,
330 2477 422 2522 nune
446 2479 528 2523 vero
552 2453 759 2536 ²Harchehi,
788 2460 1005 2542 appellatur;
1038 2469 1093 2526 cst

145 2563 262 2620 autem
288 2557 384 2639 regio
410 2558 471 2622 illa
488 2557 601 2621 Vetus
615 2556 747 2641 Anglia
772 2568 983 2641 nuncupata,
1002 2560 1094 2624 unde

148 2654 255 2736 Angli
283 2657 319 2720 in
344 2656 560 2720 Britanniam
587 2666 768 2736 venerunt,
791 2660 882 2722 inter
899 2656 1035 2722 Gothos
1053 2656 1094 2724 'et

144 2753 301 2818 Saxones
318 2757 518 2820 constituto.
558 2754 664 2820 Soeas
674 2777 810 2839 quoque
828 2757 893 2820 suit
910 2755 1000 2821 filius
1017 2757 1092 2822 He·

145 2852 273 2930 remod,
298 2854 359 2937 qui
386 2855 451 2919 fuit
480 2854 646 2933 Itermod,
669 2857 729 2939 qui
753 2855 819 2919 fuit
846 2854 1008 2933 Hathrae,
1034 2857 1094 2939 qui

145 2954 211 3017 suit
225 2952 350 3032 Welae,
365 2956 424 3036 qui
447 2955 513 3020 suit
529 2955 673 3032 Bedwii,
688 2956 747 3038 qui
762 2956 827 3019 fnit
843 2954 934 3031 Sem,
952 2955 1012 3038 qui
1028 2955 1094 3020 fuit

147 3053 247 3130 Noae,
265 3054 325 3136 qui
348 3054 414 3118 fuit
439 3054 601 3132 Lamech,
624 3056 684 3138 qui
705 3056 771 3119 fuit
788 3055 1011 3130 Mathusalae,
1033 3057 1093 3137 qui

145 3153 210 3216 suit
235 3152 367 3231 Enoch,
393 3155 454 3236 qui
479 3153 695 3232 suitJareth,
713 3154 773 3238 qui
799 3154 865 3218 suit
893 3152 1093 3229 Malalohel,

145 3253 204 3334 qui
218 3252 284 3317 fuit
300 3253 447 3331 Cainan,
465 3255 524 3335 qui
546 3254 612 3316 fuit
629 3254 735 3332 Enos,
750 3255 809 3336 qui
831 3253 898 3317 fuit
922 3253 1020 3330 Seth,
1033 3255 1093 3337 qui

144 3353 210 3417 suit
227 3351 354 3432 Adam,
372 3354 433 3437 qui
450 3354 515 3417 fuit
531 3353 616 3417 Dur.

321 3526 371 3589 De
385 3525 477 3589 eoois
485 3523 661 3610 puerilibus
674 3523 807 3610 Alsredi
820 3524 909 3611 repis.

194 3649 359 3714 Alfredus
392 3648 500 3731 igitur
522 3643 575 3713 ³in
598 3650 699 3714 annis
724 3649 925 3733 puerilibus,
960 3649 1093 3732 ingenti
1104 3671 1183 3712 oran

144 3752 253 3832 pallis
277 3749 331 3814 sui
352 3757 387 3813 et
409 3750 529 3811 matris
554 3769 682 3827 amore,
704 3768 809 3832 super
826 3768 944 3812 omnes
968 3722 1196 3814 fratresA‘n‘ffi'

180 3987 187 4019 ¹
197 3990 291 4052 Scopa]
303 3990 427 4049 Compare
437 3987 608 4050 Etholweard,
667 3986 677 4015 ³
689 3988 720 4037 lu
730 3990 802 4037 onnia
810 3984 967 4056 puerilibus]
986 3990 1035 4037 For
1051 3989 1094 4038 the

143 4060 236 4110 Chron.
248 4062 285 4108 iii.
632 4063 739 4107 account
749 4059 778 4107 os
786 4060 889 4108 Aelsred
901 4061 1041 4122 following,
1052 4074 1094 4107 see

176 4127 187 4160 ²
212 4127 383 4190 Horcltelri;]
423 4126 567 4176 ‘Haithebi
585 4123 606 4187 ς’
632 4129 720 4190 Aeser,
731 4145 775 4191 pp.
788 4133 828 4191 16,
839 4132 879 4178 ³9.

144 4201 313 4258 Mulmsbury.
