2888 4852
428 436 568 486 mouns
592 436 860 486 srsroursauu.
1061 422 1125 487 191

174 595 398 672 monasterio,
429 593 522 677 quod
557 592 704 658 Mailros
735 593 945 678 appellatur,
982 602 1246 678 acceptaverat

174 706 319 760 tonsura
332 695 425 759 euris
450 693 570 758 saeculi
593 695 731 777 penitus
747 702 801 759 est
815 696 1008 761 absolutus.
1056 695 1127 759 Ubi
1138 667 1277 709 mm·

173 796 422 859 monasterium
450 794 629 877 ingressus
658 801 723 872 est,
750 796 868 861 abbati
899 804 935 861 et
962 794 1128 860 fratribus

175 894 368 960 horrendas
387 912 475 977 quas
498 892 633 958 viderat
655 894 805 959 visiones
828 895 947 960 retulit
970 895 1007 959 in
1036 894 1128 959 hune

175 995 334 1076 modum;
357 993 532 1073 ‘Quidam
549 1000 693 1079 aspectu
710 993 857 1072 lucidus,
875 1003 911 1059 et
925 994 1127 1060 indumento

172 1095 301 1173 eleros,
329 1112 387 1158 me
416 1093 575 1158 ducebat.
645 1092 896 1160 incedebamus
921 1102 1039 1160 antem
1071 1102 1126 1159 ta-

174 1202 303 1273 oeutes,
333 1201 377 1260 ut
402 1193 587 1259 videbatur
615 1192 713 1270 mibi,
744 1201 865 1259 contra
894 1194 977 1259 solis
1010 1203 1125 1260 ortum

175 1293 405 1371 solstitialem,
441 1293 549 1358 donec
585 1290 786 1357 devenimus
822 1294 866 1358 ad
897 1294 1024 1359 vallem
1061 1295 1126 1358 im-

177 1412 305 1459 mensae
318 1392 525 1471 latitudinis,
540 1391 687 1456 infinita
702 1391 930 1474 longitudinis
953 1412 995 1458 ac
1011 1393 1126 1457 nimiae

175 1493 434 1578 profunditatis,
460 1511 539 1576 quae
565 1491 610 1556 ad
636 1492 761 1556 laevam
786 1494 886 1557 nobis
908 1492 990 1570 sita,
1019 1512 1126 1557 unum
1178 1560 1185 1568 ,

176 1593 268 1659 latus
295 1593 444 1658 dammis
471 1590 684 1657 ferventibus
715 1592 857 1656 nimium
885 1591 1050 1670 terribile,
1074 1592 1126 1655 al·

175 1700 287 1758 terum
308 1691 436 1757 furenti
458 1691 628 1774 grandine
651 1709 692 1756 ae
708 1691 837 1774 frigore
859 1692 990 1756 nivium
1011 1693 1127 1756 omnia

176 1792 346 1877 perflante
368 1808 411 1857 ao
425 1798 598 1868 verrente,
612 1810 682 1855 non
702 1792 815 1857 minus
836 1791 1055 1857 intolerabile
1075 1811 1126 1855 re

175 1892 331 1972 ferebat3
362 1899 550 1975 utrumque
573 1896 690 1977 autem
713 1899 790 1956 erat
811 1893 994 1956 animabus
1018 1890 1127 1955 homi-

177 2011 258 2056 num
280 1990 434 2075 plenum,
451 2009 531 2074 quse
548 1990 701 2055 vicissim
723 1991 801 2056 binc
822 1993 903 2056 inde
921 1991 1128 2055 videbantur

176 2092 277 2175 quasi
299 2092 518 2174 tempestatis
539 2091 671 2174 impetu
692 2091 831 2176 jactari.
877 2091 1040 2174 Cumque
1056 2092 1126 2156 vim
1244 2110 1246 2114 ⁴

175 2191 321 2257 fervoris
345 2191 498 2255 universi
524 2189 674 2254 tolerare
696 2211 766 2256 non
790 2199 944 2275 possent,
968 2191 1126 2276 prosilie-

176 2293 262 2357 bant
285 2291 421 2356 misere
450 2291 488 2354 in
515 2289 667 2354 medium
689 2290 889 2373 frigiditatis
912 2291 1060 2371 infestae,
1092 2299 1128 2356 et

177 2410 256 2458 eum
279 2408 392 2475 neque
414 2390 464 2454 ibi
487 2389 671 2473 quiequam
696 2391 826 2472 requiei
849 2392 1005 2460 invenire
1024 2398 1127 2476 potu-

176 2492 298 2570 issent,
312 2490 512 2556 resiliebant
525 2507 646 2553 rursus
661 2489 697 2552 in
711 2489 860 2554 medium
875 2493 1015 2556 urendae
1031 2492 1129 2556 flam-

170 2610 312 2658 ·marum
354 2588 687 2673 inextinguibilium,
725 2588 852 2653 infelici
889 2590 1129 2656 vicissitudine

177 2693 251 2757 slne
266 2691 341 2756 ulla
356 2691 486 2775 quietis
499 2688 777 2772 intercapediu03
794 2688 929 2773 fuitque
944 2691 1128 2773 spirituum

178 2790 381 2857 deformium
407 2788 667 2855 innumerabilis
697 2788 895 2854 multitudo.
961 2791 1007 2854 Et
1038 2792 1130 2874 coepi

179 2890 347 2973 rogitare,
367 2890 461 2972 quod
480 2896 573 2954 esset
590 2888 746 2954 infamas
764 2888 863 2954 loeus
884 2889 943 2954 ille
964 2890 1007 2955 de
1029 2891 1130 2974 eujus

180 2989 361 3055 tormentis
381 2987 655 3054 intolerabilibus
675 2988 806 3074 saepius
829 2990 963 3054 narrari
988 2990 1128 3071 audivi3

180 3088 358 3172 respondit
376 3087 580 3171 cogitationi
602 3108 687 3154 meae
702 3090 837 3168 ductor,
854 3091 914 3174 qui
928 3110 1131 3174 mepraece·

179 3183 952 3273 debat,‘Nonhoe,'iuquiens,¹‘suspiceris.'
974 3190 1041 3255 Sed
1051 3210 1130 3256 eum

180 3308 236 3355 me
254 3288 321 3378 hoo
341 3288 542 3372 spectaculo
565 3296 638 3353 tam
659 3289 831 3354 horrendo
851 3292 1071 3374 perterritum
1094 3292 1131 3354 in

180 3388 348 3454 ulteriora
375 3387 592 3472 produceret,
615 3389 688 3454 vidi
718 3390 834 3453 subito
857 3397 938 3454 ante
967 3410 1030 3455 nos
1054 3390 1131 3454 loca

179 3490 332 3573 insipere
356 3490 534 3553 obscurari
555 3496 591 3554 et
614 3491 731 3553 omnia
754 3490 906 3553 tenebris
929 3490 1129 3573 adimpleri3

181 3608 270 3673 quas
300 3606 380 3654 eum
401 3589 607 3653 intraremus
630 3589 667 3652 in
692 3595 827 3653 tantum
850 3589 1027 3672 paulisper
1048 3610 1131 3655 con·

181 3690 336 3772 densatoe
362 3696 456 3766 sunt,
483 3696 523 3753 ut
552 3686 637 3751 nihil
666 3693 794 3771 praeter
824 3689 902 3752 illas
930 3688 1131 3771 aspicerem,

182 3796 330 3873 excepta
355 3787 529 3852 duntaxat
558 3788 674 3870 specie
701 3795 738 3852 et
760 3797 857 3870 veste
882 3789 970 3872 ejus,
996 3791 1055 3871 qni
1077 3810 1132 3854 me

183 3889 411 3972 precedebat.
463 3887 510 3952 Et
539 3907 618 3951 eum
649 3888 934 3971 progrederemur
962 3889 1037 3952 sola
1068 3892 1133 3953 sub

183 3996 284 4053 nocte
298 4008 361 4072 per
375 3988 528 4065 umbras,
544 4005 624 4052 ecce
642 3989 756 4053 subito
779 3994 950 4071 apparent
970 3997 1050 4052 ante
1071 4008 1133 4052 nos

183 4231 197 4300 ξ
208 4162 398 4285 ;⁹··fespioerb,]
409 4165 475 4215 ‘nou
486 4165 557 4244 enim
565 4165 607 4214 hie
617 4165 729 4216 infernus
740 4171 777 4216 est
788 4166 832 4215 ille
845 4180 921 4228 quern
931 4161 1023 4228 puae:
1054 4165 1136 4228 Reda,
