2888 4852
434 440 573 489 rnonna
596 438 866 489 msroarnauu.
1060 425 1126 489 443

177 598 239 662 dos
249 616 394 680 puerum
411 597 606 681 increpans,
617 597 710 679 quod
725 596 942 679 negligenter
957 604 1126 676 cantaret,
1137 615 1232 668 mala.

177 698 317 763 excelsa
341 717 427 763 voce
455 697 558 773 dixit,
583 697 692 780 ‘Ipse
717 696 799 760 fecit
824 715 887 759 nos
910 704 946 760 et
967 715 1037 759 non
1059 697 1127 780 ipsi

178 798 265 873 nos,'
293 816 363 879 quo
389 796 482 861 dicto
508 815 731 879 repercussus
757 796 946 878 imperator
968 803 1004 861 et
1033 814 1129 879 pres-

178 897 336 980 byterum
358 896 563 979 prophetam
586 915 662 960 esse
683 896 900 972 existimans,
913 895 1024 973 illum,
1038 895 1127 958 mul-

179 1003 253 1058 tum
278 996 495 1073 renitentem,
517 995 554 1058 in
570 994 809 1060 coloniensem
834 994 1129 1077 archiepiscopum

181 1094 394 1171 sublimavit,
415 1094 475 1175 qui
496 1103 695 1177 susceptum
717 1094 1052 1177 archiepiscopatum
1078 1113 1129 1158 ra·

182 1193 311 1275 ligione
343 1192 444 1257 simul
471 1200 506 1257 et
527 1193 644 1275 dignis
665 1193 782 1258 sedem
804 1193 957 1258 moribus
981 1212 1130 1257 axoma-

183 1294 245 1357 vit.
288 1292 382 1357 Nam
404 1293 441 1356 in
468 1294 677 1358 monasterio
703 1291 1014 1357 sanctimonialium
1036 1294 1132 1356 urbis

183 1392 277 1455 illius
299 1399 375 1455 erat
397 1392 514 1475 puella
535 1393 706 1474 quaedam,
729 1398 913 1475 parentum
934 1392 1052 1456 studio
1069 1411 1132 1474 po·

184 1492 253 1555 tius
267 1510 372 1573 quam
388 1491 529 1574 propria
543 1491 726 1556 devotione
740 1509 919 1566 conversa,
936 1509 1015 1573 quae
1030 1499 1132 1572 gestu

184 1591 331 1654 seculari
352 1596 388 1654 et
404 1590 556 1674 alloquio
577 1590 695 1654 fallaci
712 1598 885 1654 amatores
904 1587 949 1652 ad
972 1608 1010 1652 se
1026 1589 1134 1671 pluri-

185 1709 261 1753 mos
284 1689 468 1769 invitabat,
498 1709 644 1771 quorum
672 1708 775 1767 unua,
799 1708 901 1772 quem
925 1706 1030 1772 opum
1054 1707 1135 1753 con-

187 1789 299 1870 geries
323 1797 359 1852 et
385 1788 458 1854 alta
482 1790 666 1871 progenies
697 1788 742 1852 ad
767 1788 942 1852 libidinem
968 1787 1135 1852 accende·

185 1895 276 1966 rant,
310 1888 461 1971 puellam
495 1888 680 1953 abductam
718 1889 799 1952 loco
830 1887 939 1970 justae
975 1886 1135 1970 conjugia

186 1988 299 2051 tenuit
324 1995 360 2051 et
386 1987 527 2053 amavit.
591 1987 767 2052 Praeteriit
791 1987 936 2052 multum
959 1987 1136 2070 temporis,

187 2087 248 2151 sed
273 2086 413 2150 tandem
440 2106 495 2150 ree
526 2094 628 2167 gesta
652 2086 847 2151 Hereberto
875 2085 1136 2169 archiepiscopo

190 2186 380 2262 nuntiatur,
406 2186 467 2249 sed
493 2205 572 2250 cum
597 2187 640 2250 de
665 2186 829 2250 mandato
851 2186 927 2270 ejus
953 2185 1030 2250 ovis
1053 2185 1137 2249 ovili

189 2285 351 2349 restituta
382 2284 517 2362 fuisset,
549 2305 619 2350 non
650 2286 759 2350 multo
792 2291 873 2366 post
910 2285 948 2349 in
980 2284 1139 2349 absentia

189 2384 439 2466 archiepiscopi
469 2384 512 2448 de
537 2385 746 2450 monasterio
773 2382 942 2467 abripitur
965 2402 988 2447 a
1006 2383 1138 2468 juvene

190 2482 417 2566 supradict03
457 2490 540 2548 tunc
571 2484 608 2547 in
641 2484 739 2548 illum
773 2483 1138 2547 excommunicationis

190 2585 364 2648 sententia
389 2583 640 2666 promulgatur,
666 2584 718 2647 ita
739 2590 779 2647 ut
803 2582 920 2646 nullus
944 2582 1138 2646 concivium

192 2702 333 2747 suorum
350 2701 428 2747 cum
445 2702 486 2746 eo
501 2682 610 2765 loqui,
627 2682 683 2746 vel
705 2700 783 2745 cum
805 2700 848 2745 eo
869 2680 997 2745 audeat
1021 2682 1139 2746 convi-

191 2783 278 2845 vari.
330 2780 445 2859 Quam
463 2781 605 2865 juvenis
627 2781 832 2844 sententiam
855 2780 955 2863 parvi
971 2779 1140 2862 pendens,

192 2880 237 2944 ad
261 2880 393 2963 praedia
415 2899 481 2943 sua
505 2879 692 2944 remotiora
713 2879 867 2956 divertit,
892 2879 952 2944 ubi
970 2898 1052 2944 cum
1075 2899 1139 2943 ex·

88 3014 92 3021 ·
193 2980 446 3044 communicata
474 2999 540 3044 sua
565 2979 676 3043 vitam
702 2978 912 3060 flagitiosam
942 2979 1140 3062 protraxit;

193 3078 254 3141 sed
286 3098 364 3142 cum
394 3081 491 3144 Dens
525 3079 665 3145 tandem
696 3078 993 3162 archiepiscopum
1023 3078 1070 3141 ad
1102 3098 1141 3142 se

195 3197 320 3242 vocare
348 3178 510 3260 dignatus
541 3187 607 3255 est,
639 3187 675 3243 et
706 3179 806 3260 gravi
833 3177 952 3242 dolore
979 3177 1141 3242 detentus

194 3277 286 3341 lecto
311 3277 542 3354 decumberet,
566 3285 800 3341 convenerunt
827 3276 978 3359 undique
1001 3295 1141 3359 compa·

195 3378 322 3453 triotae,
338 3383 377 3439 ut
398 3383 554 3440 extrema
579 3377 673 3440 beati
693 3377 760 3441 viri
787 3375 1025 3440 benedictione
1049 3376 1143 3440 frue-

194 3483 334 3554 rentur;
361 3476 456 3540 solus
478 3475 537 3539 ille
558 3474 761 3539 libidinosus
778 3476 896 3540 venire
918 3482 1143 3539 contemnens
1206 3481 1208 3485 ’

195 3576 399 3639 subornavit
421 3575 520 3652 alios,
537 3574 598 3656 qui
621 3594 685 3657 pro
702 3594 740 3638 se
761 3575 995 3656 loquerentur,
1013 3581 1054 3638 ut
1069 3594 1142 3637 me·

196 3680 328 3737 reretur
353 3675 498 3738 absolvi.
542 3673 610 3737 Sed
633 3693 711 3737 cum
734 3693 858 3739 nomen
874 3673 1015 3756 juvenis
1032 3674 1146 3738 archi·

197 3775 380 3856 episcopus
404 3772 549 3849 audivit,
571 3773 754 3855 ingemuit,
776 3780 812 3837 et
836 3772 909 3836 haec
930 3774 1038 3838 verba
1062 3776 1145 3839 sub·

192 3872 290 3956 jecit,
315 3871 378 3934 ‘Si
399 3872 504 3935 miser
526 3871 586 3936 illc
603 3871 823 3936 maledictam
844 3871 1021 3937 mulierem
1044 3873 1145 3938 dece·

199 3971 317 4046 ruerit,
333 3970 380 4033 sit
402 3970 595 4048 absolutus,
617 3978 653 4035 et
673 3972 703 4035 si
725 3970 921 4036 obstinatus
944 3973 1147 4054 perstiterit,

199 4072 245 4134 sit
269 4088 362 4133 anno
389 4072 558 4151 sequenti,
584 4071 649 4134 bac
670 4071 791 4135 eadem
817 4070 872 4133 die
897 4078 933 4134 et
958 4071 1053 4148 hora,
1076 4089 1147 4153 qua

197 4189 263 4252 ego
286 4168 462 4249 decedam,
487 4178 568 4236 ante
586 4170 700 4237 Deum
724 4178 869 4255 paratus
891 4170 934 4235 de
956 4169 1148 4237 commissis
