2888 4852
431 409 569 456 ruonns
594 409 860 458 nrsronrnnun.
1055 393 1120 456 229

167 565 334 646 incipiens
362 585 383 628 a
408 564 526 628 Sicilia
548 575 583 629 ct
606 563 781 642 Calabria,
805 583 915 646 usque
939 564 975 626 in
999 565 1117 628 urbem

169 666 312 745 regiam,
332 673 367 729 et
395 665 444 727 ita
465 665 663 729 devastavit
678 684 767 740 eam,
792 672 830 727 ut
855 664 959 726 etiam
982 663 1017 724 in
1039 664 1118 747 plu·

168 764 262 826 ribus
291 765 445 828 aedificiis
483 784 550 827 non
590 764 803 827 inveniretur
829 763 1024 841 habitator3
1055 763 1116 826 sed

168 870 203 926 et
236 861 445 927 Anastasius
472 863 579 925 nimia
612 864 772 944 passione
803 861 984 944 fatigatus,
1015 863 1115 943 quasi

167 970 321 1026 stercora
342 964 473 1026 ventris
499 969 685 1039 evomeret,
715 961 853 1024 tandem
878 961 1118 1026 miserabiliter

170 1062 265 1125 obiit.

376 1233 477 1298 salla
490 1233 528 1298 de
542 1232 611 1297 caelo
628 1233 737 1297 cadere
752 1233 906 1296 sidonien.

219 1355 323 1420 Anno
350 1358 489 1421 Domini
516 1373 700 1420 nccxnvn.
727 1349 853 1418 ¹stellae
878 1357 921 1419 de
945 1357 1031 1420 caelo
1059 1375 1240 1420 ca-n.n.⁷n.

168 1457 289 1520 dentes
315 1467 561 1538 apparuerunt,
587 1457 637 1519 ita
662 1463 701 1518 ut
725 1474 844 1517 omnes
869 1454 943 1519 haec
962 1426 1279 1520 videntesfflmm'

168 1557 497 1620 consummationem
513 1555 620 1618 seculi
634 1555 764 1617 instare
781 1561 951 1636 putarent.

360 1726 558 1791 Mirantem
572 1728 609 1791 de
623 1736 727 1791 sancto
742 1705 915 1791 Benedicta.

219 1849 324 1914 Anno
361 1850 501 1914 Domini
531 1867 729 1914 nccxnvnr.
760 1843 937 1914 ²monachi
969 1851 1116 1915 coenobii
1129 1870 1184 1910 nn.
1194 1870 1238 1910 ne.

172 1949 389 2013 Cassinensis
403 1950 533 2026 literas,
548 1949 591 2012 ad
610 1949 811 2013 instantiam
822 1949 939 2013 Caroli
951 1951 1080 2031 magni,
1094 1969 1116 2014 a
1126 1920 1261 2011 ihld‘li'

169 2068 260 2131 papa
279 2049 451 2112 Zacharia
463 2049 735 2130 impetraverunt
751 2049 794 2111 ad
818 2047 980 2130 Pipinum
1001 2070 1116 2130 regem
1127 2021 1158 2061 ει
1168 2021 1277 2061 mm

171 2149 395 2224 Francorum,
427 2156 596 2229 quatenus
626 2148 815 2211 beatissimi
846 2167 970 2230 corpus
1002 2148 1116 2213 Bene-

168 2247 264 2324 dicti,
279 2247 371 2329 quod
397 2247 557 2311 monachi
584 2247 821 2312 Floriacenscs
845 2246 937 2311 furto
963 2248 1115 2313 abstule-

169 2356 258 2424 rant,
281 2348 324 2409 ad
349 2348 526 2429 proprium
552 2348 731 2411 remittant
753 2347 879 2425 locum,
897 2355 936 2410 ut
957 2347 1115 2429 praedicti

169 2448 260 2510 servi
277 2447 342 2510 Dei
361 2445 403 2509 de
418 2447 579 2509 restituto
596 2446 660 2509 sibi
677 2454 775 2527 patre
790 2466 855 2509 suo
874 2447 1062 2527 gaudeant,
1079 2453 1115 2511 et

167 2546 233 2628 ipsi
259 2545 339 2608 inde
362 2565 384 2609 a
414 2545 491 2608 Deo
517 2546 707 2608 mercedem
735 2545 936 2625 obtineant3
968 2565 1114 2628 cumque

167 2647 245 2727 pius
272 2664 335 2708 rex
370 2643 517 2726 Pipinus
546 2644 633 2706 hanc
661 2644 843 2727 epistolam
874 2645 1115 2721 intellexisset,

168 2743 378 2825 Remigium,
389 2744 707 2824 Rothomagensem
722 2743 1027 2825 archiepiscopum,
1036 2764 1114 2807 cum

168 2844 278 2907 tribus
304 2843 476 2925 episcopis
504 2842 699 2905 Floriacum
729 2849 889 2924 potenter
915 2842 1055 2919 direxit,
1077 2853 1116 2906 ut

169 2944 353 3006 maximam
371 2950 505 3023 partem
528 2943 680 3023 corporis
703 2943 816 3005 sancti
832 2941 1011 3005 Benedicti
1027 2940 1114 3004 Cas·

167 3043 362 3106 sinensibus
371 3040 549 3103 monachis
558 3040 806 3117 redderent,ita
814 3041 905 3123 quod
920 3040 1115 3104 Floriacum

168 3142 413 3204 monasterium
445 3159 513 3203 non
543 3140 680 3202 omnino
712 3141 897 3221 priuarent.
958 3139 1026 3203 Sed
1060 3157 1115 3202 res

168 3259 245 3303 cum
266 3240 544 3304 Floriacensibns
559 3239 710 3301 innotuit
725 3238 900 3315 fratribus,
917 3238 1114 3302 triduanum

168 3341 382 3404 celebrantes
400 3338 573 3422 jejunium
596 3345 677 3401 ante
700 3339 775 3420 ejus
795 3338 1015 3420 sepulchrum
1037 3358 1114 3401 cum

167 3439 351 3522 lachrymis
367 3439 525 3514 orabant,
540 3436 704 3514 dicentes,
722 3437 774 3501 ίΟ
790 3439 893 3501 unica
905 3446 985 3520 post
1001 3437 1116 3501 Deum

166 3558 245 3621 spes
272 3545 403 3613 nostra,
420 3544 519 3619 pater
537 3535 736 3613 Benedicte,
761 3538 896 3619 suscipe
916 3556 1115 3620 quaesumus

167 3637 361 3721 lachrymas
386 3644 523 3700 nostras
550 3644 587 3700 ut
612 3655 753 3698 maneas
777 3637 954 3702 nobiscum
981 3637 1018 3699 in
1038 3638 1116 3700 loco

205 3882 307 3929 ¹Stella
318 3882 347 3928 de
358 3881 415 3928 coelc
425 3879 447 3942 ,·]
465 3877 584 3926 recorded
603 3878 628 3925 in
655 3876 762 3926 consult
785 3877 917 3939 Mabillon,
934 3877 1027 3926 Annal.
1047 3877 1075 3924 ii.
1090 3892 1116 3937 p.

167 3952 209 4000 the
221 3953 281 3999 Sar.
293 3950 387 3999 Chron.
399 3951 424 3996 in
443 3949 485 3996 the
497 3962 558 4007 year
572 3950 630 4007 ⁷44,
657 3951 713 4007 151,
724 3946 808 3995 where
823 3947 858 3995 nll
869 3946 911 3995 the
922 3947 1117 3994 circumstances

167 4022 216 4070 and
229 4012 262 4080 hy
274 4019 393 4067 Florence
406 4020 499 4066 mila.
656 4016 792 4065 connected
811 4016 873 4065 with
895 4016 946 4065 this
965 4016 1117 4065 transaction

203 4089 335 4139 'hieracha'
346 4087 446 4137 cenobii
455 4080 631 4153 Carrinensis]
656 4101 699 4135 arc
710 4086 830 4135 detailed.
