2888 4852
351 414 417 478 416
609 427 743 476 sooner
768 428 815 476 or
837 426 1044 475 wnunovmt

351 586 494 664 dentali,
510 586 603 650 mille
619 586 785 651 ducentas
802 587 838 648 iu
852 584 1010 661 australi,
1026 584 1119 648 mille
1133 583 1305 647 ducentas

352 688 388 752 in
409 686 670 770 septentrionali
688 687 813 769 pelago
835 684 1028 761 constituit,
1055 692 1095 748 ut
1117 683 1160 748 ad
1182 683 1304 748 desen-

351 787 484 851 sionem
515 787 612 869 regni
641 787 695 849 sui
719 792 842 850 contra
869 792 1008 848 exteras
1035 785 1193 848 nationes
1227 784 1303 847 bel-

351 887 463 951 lorum
487 886 687 951 discrimina
713 885 936 949 sustinerent.
999 882 1164 948 Habebat
1185 891 1303 947 autem

352 995 521 1068 praeterea
534 986 626 1050 omni
649 994 802 1067 tempore
819 984 901 1048 vitae
923 1002 996 1047 suae
1018 983 1304 1048 consuetudinem

352 1105 415 1170 per
427 1106 544 1150 omnes
566 1086 664 1167 regni
687 1084 883 1167 provincias
899 1083 1059 1160 transire,
1073 1090 1114 1146 ut
1128 1081 1304 1166 quomodo

352 1184 467 1267 legum
478 1185 561 1269 jura
586 1192 622 1248 et
635 1203 776 1249 suorum
793 1191 928 1248 statuta
941 1183 1157 1247 decretorum
1172 1201 1194 1246 a
1207 1183 1305 1265 priu-

351 1284 486 1368 cipibus
510 1286 787 1360 observarentur,
804 1291 838 1348 et
854 1303 897 1347 ne
919 1300 1089 1365 pauperes
1114 1302 1136 1347 a
1149 1283 1304 1364 potenti-

352 1385 418 1448 bus
444 1384 681 1468 praejudicium
698 1383 792 1466 passi
816 1383 1102 1465 opprimerentur,
1120 1382 1304 1464 diligenter

352 1484 564 1566 investigare
586 1483 731 1560 solebat,
753 1483 790 1545 iu
812 1502 882 1546 uno
904 1481 1111 1558 fortitudini,
1132 1483 1169 1546 in
1191 1482 1304 1546 altero

349 1583 497 1669 justitia·
520 1583 675 1660 studens,
694 1590 729 1646 et
746 1582 943 1665 reipublicae
966 1583 1133 1664 regnique
1156 1581 1303 1646 utilitati

354 1684 537 1748 consulens
556 1684 592 1746 in
613 1691 780 1765 utroque;
806 1681 886 1745 hinc
909 1681 1065 1746 hostibus
1087 1681 1304 1763 circumqua-

354 1803 422 1866 que
437 1783 551 1860 timor,
566 1791 601 1847 et
616 1783 766 1846 omnium
788 1800 885 1845 amor
900 1799 985 1863 erga
1000 1801 1076 1846 eum
1101 1789 1305 1846 excreverat

354 1882 583 1947 subditorum.
629 1881 764 1946 Deinde
778 1900 840 1965 per
856 1888 965 1945 totam
981 1880 1147 1963 Angliam
1160 1874 1304 1945 ¹novam

356 1982 429 2046 lieri
462 1982 627 2065 praecepit
660 1989 846 2058 monetam,
876 1981 961 2064 quio
985 1988 1085 2046 vetus
1112 1980 1197 2045 vitio
1226 1988 1307 2046 ton-

353 2101 473 2149 sorum
498 2080 584 2146 adeo
609 2088 684 2146 erat
707 2088 882 2164 corrupta,
905 2081 1020 2144 utrix
1038 2100 1197 2144 nummus
1219 2083 1305 2145 oho-

354 2181 426 2245 lum
449 2181 658 2265 appenderet
671 2181 707 2244 in
722 2188 864 2246 statera.
901 2175 1051 2245 ²Eodem
1066 2199 1202 2263 quoque
1219 2187 1306 2244 tem-

356 2300 439 2363 pore
453 2280 587 2345 Alssius
601 2281 785 2365 episcopus
806 2288 842 2345 ot
858 2300 972 2344 comes
990 2280 1158 2345 Eadulsus
1176 2279 1305 2344 Kinre·

355 2380 449 2460 dum,
466 2401 581 2463 regem
603 2380 797 2458 Scotorum,
812 2380 855 2445 ad
877 2399 993 2462 regem
1009 2380 1208 2462 Eadgarum
1222 2400 1305 2444 con·

355 2481 554 2559 duxerunt3
590 2500 692 2562 quem
723 2500 802 2544 curn
833 2480 1079 2562 perduxissent
1106 2479 1150 2543 ad
1177 2500 1306 2562 regem,

355 2579 467 2644 multa
495 2580 640 2644 donaria
668 2599 690 2644 a
717 2580 814 2661 regia
841 2580 1003 2662 largitate
1025 2580 1189 2662 suscepit,
1215 2581 1306 2644 inter

356 2699 436 2764 quae
460 2680 607 2744 eontulit
637 2681 669 2743 ei
703 2687 841 2744 centum
869 2681 989 2744 uncias
1015 2681 1090 2743 auri
1118 2681 1304 2762 purissimi,

356 2800 435 2845 cum
461 2779 578 2844 multis
601 2780 720 2844 sericis
744 2780 955 2843 ornamentis
985 2786 1021 2842 et
1048 2780 1199 2856 annulis,
1226 2800 1304 2844 cum

356 2879 530 2962 lapidibus
560 2880 744 2962 pretiosis;
776 2878 871 2942 dedit
896 2886 1065 2962 praeterea
1090 2878 1198 2944 eidem
1229 2882 1305 2962 regi

355 2986 483 3044 terram
495 2987 617 3056 totam,
631 2999 709 3061 quae
719 2984 729 3013 ‘
739 2977 907 3041 Laudian’
916 2978 1030 3061 patria
1042 2977 1162 3061 lingua
1177 2998 1308 3043 nuncu·

358 3087 473 3162 patur,
490 3080 555 3143 hac
569 3079 778 3156 conditione,
794 3085 834 3142 ut
848 3079 948 3142 annis
960 3078 1106 3160 singulis
1123 3079 1158 3142 in
1175 3078 1308 3144 festivi·

359 3180 489 3243 tatibus
505 3180 702 3262 praecipuiS,
720 3178 858 3261 quando
873 3197 936 3241 rex
949 3186 985 3242 et
998 3179 1073 3262 ejus
1090 3197 1306 3243 successores

358 3278 516 3342 diadema
539 3286 731 3361 portarent,
756 3278 912 3342 venirent
934 3277 977 3341 ad
1001 3279 1143 3356 curiam,
1167 3287 1203 3343 et
1230 3299 1307 3343 cum

358 3380 493 3442 caeteris
506 3379 604 3460 regni
619 3378 830 3461 principibus
847 3377 972 3442 festum
990 3397 1067 3441 oum
1083 3379 1207 3443 laetitia
1217 3379 1307 3443 cele·

358 3479 519 3556 brarent3
551 3477 645 3541 dedit
667 3479 808 3560 insuper
831 3478 864 3541 ei
891 3497 951 3541 rex
976 3478 1172 3542 mansiones
1190 3479 1227 3542 in
1249 3479 1307 3542 iti·

359 3596 439 3640 nere
453 3576 631 3659 plurimas,
646 3585 685 3641 ut
698 3578 773 3659 ipse
793 3583 829 3640 et
844 3577 920 3661 ejus
943 3596 1160 3642 successores
1179 3577 1222 3641 ad
1239 3578 1308 3641 ses-

357 3686 430 3740 tum
459 3676 638 3740 venientes
675 3695 716 3740 ac
754 3676 866 3740 denuo
897 3684 1109 3740 revertentes
1140 3677 1308 3760 hospitari

393 3925 508 3976 ¹Nooum
522 3927 584 3992 fieri
603 3928 720 3990 pracepit
742 3941 820 3975 moue·
879 3924 1088 3991 'Eodemquoqroe
1096 3923 1222 3996 tmpore]
1234 3929 1309 3990 Upon

358 3999 429 4062 aa]
448 3998 555 4047 Neither
570 3997 620 4045 this
640 4012 696 4045 new
715 3998 819 4059 coinage
845 3997 887 4047 the
898 3997 996 4047 visitof
1012 3998 1127 4046 Kenneth
1144 3998 1173 4047 of
1188 4000 1309 4049 Scotland

357 4083 403 4118 nor
413 4068 455 4116 the
467 4069 621 4128 subsequent
631 4071 739 4128 grnntto
753 4067 821 4115 Ken-
846 4073 871 4115 to
891 4067 1004 4129 Eadgar,
1022 4083 1139 4128 compare
1155 4068 1222 4117 John
1241 4070 1311 4118 Wal-

357 4139 416 4187 neth
434 4138 477 4186 the
497 4137 574 4198 third,
590 4136 619 4185 ol
631 4137 761 4198 Scotland,
778 4152 821 4186 are
847 4137 965 4199 lingimd,
990 4152 1016 4199 p.
1039 4140 1096 4198 545,
1119 4138 1182 4187 with
1202 4139 1311 4203 Tyrrell‚

356 4208 456 4257 noticed
467 4208 501 4269 by
512 4207 554 4257 the
566 4208 656 4257 earlier
666 4207 810 4257 historiens.
849 4208 920 4257 Hist.
932 4207 949 4257 i.
961 4223 1004 4270 pp.
1017 4222 1061 4257 xx.
1073 4210 1176 4258 cxxxvi.
