<?xml version="1.0" encoding="UTF-8"?>
<!DOCTYPE html PUBLIC "-//W3C//DTD XHTML 1.0 Transitional//EN"
    "http://www.w3.org/TR/xhtml1/DTD/xhtml1-transitional.dtd">
<html xmlns="http://www.w3.org/1999/xhtml" xml:lang="en" lang="en">
 <head>
  <title>
</title>
<meta http-equiv="Content-Type" content="text/html;charset=utf-8" />
  <meta name='ocr-system' content='tesseract 3.04.00' />
  <meta name='ocr-capabilities' content='ocr_page ocr_carea ocr_par ocr_line ocrx_word'/>
</head>
<body>
  <div class='ocr_page' id='page_1' title='image "./rogeridewendove04rogegoog_0144.png"; bbox 0 0 2888 4852; ppageno 0'>
   <div class='ocr_carea' id='block_1_1' title="bbox 440 406 1129 471">
    <p class='ocr_par' dir='ltr' id='par_1_1' title="bbox 440 406 1129 471">
     <span class='ocr_line' id='line_1_1' title="bbox 440 406 1129 471; baseline -0.001 -1"><span class='ocrx_word' id='word_1_1' title='bbox 440 421 580 470; x_wconf 83' lang='lat' dir='ltr'><strong>rcouus</strong></span> <span class='ocrx_word' id='word_1_2' title='bbox 602 421 871 471; x_wconf 79' lang='lat' dir='ltr'><strong>u1sron1snuu.</strong></span> <span class='ocrx_word' id='word_1_3' title='bbox 1066 406 1129 469; x_wconf 93' lang='lat'><strong>101</strong></span> 
     </span>
    </p>
   </div>
   <div class='ocr_carea' id='block_1_2' title="bbox 170 577 1290 3540">
    <p class='ocr_par' dir='ltr' id='par_1_2' title="bbox 170 577 1280 3540">
     <span class='ocr_line' id='line_1_2' title="bbox 177 577 1128 662; baseline 0.002 -21"><span class='ocrx_word' id='word_1_4' title='bbox 177 577 254 642; x_wconf 89' lang='lat' dir='ltr'><strong>ensi</strong></span> <span class='ocrx_word' id='word_1_5' title='bbox 267 579 455 644; x_wconf 85' lang='lat' dir='ltr'><strong>maximam</strong></span> <span class='ocrx_word' id='word_1_6' title='bbox 479 579 734 645; x_wconf 85' lang='lat' dir='ltr'><strong>multitudinem</strong></span> <span class='ocrx_word' id='word_1_7' title='bbox 755 578 938 645; x_wconf 80' lang='lat' dir='ltr'>interfecit.</span> <span class='ocrx_word' id='word_1_8' title='bbox 993 577 1128 662; x_wconf 80' lang='lat' dir='ltr'><strong>Nempe</strong></span> 
     </span>
     <span class='ocr_line' id='line_1_3' title="bbox 176 677 1126 762; baseline 0.002 -22"><span class='ocrx_word' id='word_1_9' title='bbox 176 677 232 740; x_wconf 81' lang='lat' dir='ltr'><strong>vir</strong></span> <span class='ocrx_word' id='word_1_10' title='bbox 248 677 389 742; x_wconf 90' lang='lat' dir='ltr'><strong>Domini</strong></span> <span class='ocrx_word' id='word_1_11' title='bbox 409 678 642 762; x_wconf 80' lang='lat' dir='ltr'><strong>Augustinus,</strong></span> <span class='ocrx_word' id='word_1_12' title='bbox 669 679 799 743; x_wconf 87' lang='lat' dir='ltr'><strong>auxilio</strong></span> <span class='ocrx_word' id='word_1_13' title='bbox 820 681 912 762; x_wconf 90' lang='lat' dir='ltr'><strong>regis</strong></span> <span class='ocrx_word' id='word_1_14' title='bbox 930 677 1126 743; x_wconf 85' lang='lat' dir='ltr'><strong>Athelberti</strong></span> 
     </span>
     <span class='ocr_line' id='line_1_4' title="bbox 176 779 1290 892; baseline 0.005 -52"><span class='ocrx_word' id='word_1_15' title='bbox 176 796 274 855; x_wconf 90' lang='lat' dir='ltr'><strong>usus,</strong></span> <span class='ocrx_word' id='word_1_16' title='bbox 287 781 492 844; x_wconf 87' lang='lat' dir='ltr'><strong>convocavit</strong></span> <span class='ocrx_word' id='word_1_17' title='bbox 513 779 558 843; x_wconf 88' lang='lat' dir='ltr'><strong>ad</strong></span> <span class='ocrx_word' id='word_1_18' title='bbox 579 779 750 863; x_wconf 83' lang='lat' dir='ltr'><strong>synodum</strong></span> <span class='ocrx_word' id='word_1_19' title='bbox 765 798 865 843; x_wconf 90' lang='lat' dir='ltr'><strong>suam</strong></span> <span class='ocrx_word' id='word_1_20' title='bbox 887 780 1068 892; x_wconf 78' lang='lat' dir='ltr'><strong>episcopos</strong></span> <span class='ocrx_word' id='word_1_21' title='bbox 1090 786 1125 843; x_wconf 89' lang='lat' dir='ltr'><strong>et</strong></span> <span class='ocrx_word' id='word_1_22' title='bbox 1138 796 1290 846; x_wconf 67' lang='lat' dir='ltr'><strong>synasm-</strong></span> 
     </span>
     <span class='ocr_line' id='line_1_5' title="bbox 176 847 1284 963; baseline 0.002 -24"><span class='ocrx_word' id='word_1_23' title='bbox 176 875 337 941; x_wconf 88' lang='lat' dir='ltr'><strong>doctores</strong></span> <span class='ocrx_word' id='word_1_24' title='bbox 359 881 527 961; x_wconf 82' lang='lat' dir='ltr'><strong>proximae</strong></span> <span class='ocrx_word' id='word_1_25' title='bbox 551 879 735 944; x_wconf 90' lang='lat' dir='ltr'><strong>Britonum</strong></span> <span class='ocrx_word' id='word_1_26' title='bbox 759 880 959 963; x_wconf 85' lang='lat' dir='ltr'><strong>provinciae,</strong></span> <span class='ocrx_word' id='word_1_27' title='bbox 977 879 1014 941; x_wconf 94' lang='lat' dir='ltr'><strong>in</strong></span> <span class='ocrx_word' id='word_1_28' title='bbox 1035 857 1176 956; x_wconf 68' lang='lat' dir='ltr'><strong>loco,⁸⁰&#39;</strong></span> <span class='ocrx_word' id='word_1_29' title='bbox 1136 847 1284 896; x_wconf 43' lang='grc' dir='ltr'><strong>ΜΨ</strong></span> 
     </span>
     <span class='ocr_line' id='line_1_6' title="bbox 173 971 1124 1061; baseline 0.001 -22"><span class='ocrx_word' id='word_1_30' title='bbox 173 976 236 1058; x_wconf 80' lang='lat' dir='ltr'><strong>qui</strong></span> <span class='ocrx_word' id='word_1_31' title='bbox 259 996 369 1060; x_wconf 85' lang='lat' dir='ltr'><strong>usque</strong></span> <span class='ocrx_word' id='word_1_32' title='bbox 390 977 491 1043; x_wconf 90' lang='lat' dir='ltr'><strong>hodie</strong></span> <span class='ocrx_word' id='word_1_33' title='bbox 513 978 634 1060; x_wconf 90' lang='lat' dir='ltr'><strong>lingua</strong></span> <span class='ocrx_word' id='word_1_34' title='bbox 656 976 851 1061; x_wconf 81' lang='lat' dir='ltr'><strong>Anglorum</strong></span> <span class='ocrx_word' id='word_1_35' title='bbox 872 971 894 1012; x_wconf 88' lang='lat'><strong>¹‘</strong></span> <span class='ocrx_word' id='word_1_36' title='bbox 907 976 1124 1059; x_wconf 88' lang='lat' dir='ltr'><strong>Augustines</strong></span> 
     </span>
     <span class='ocr_line' id='line_1_7' title="bbox 175 1073 1124 1161; baseline 0.001 -22"><span class='ocrx_word' id='word_1_37' title='bbox 175 1073 255 1154; x_wconf 61' lang='lat' dir='ltr'><strong>Aq’</strong></span> <span class='ocrx_word' id='word_1_38' title='bbox 271 1077 306 1140; x_wconf 93' lang='lat' dir='ltr'><strong>id</strong></span> <span class='ocrx_word' id='word_1_39' title='bbox 322 1084 388 1155; x_wconf 92' lang='lat' dir='ltr'><strong>est,</strong></span> <span class='ocrx_word' id='word_1_40' title='bbox 405 1079 510 1143; x_wconf 90' lang='lat' dir='ltr'><strong>robur</strong></span> <span class='ocrx_word' id='word_1_41' title='bbox 525 1079 600 1143; x_wconf 84' lang='lat' dir='ltr'><strong>sive</strong></span> <span class='ocrx_word' id='word_1_42' title='bbox 621 1094 768 1161; x_wconf 88' lang='lat' dir='ltr'><strong>quercus</strong></span> <span class='ocrx_word' id='word_1_43' title='bbox 783 1076 985 1160; x_wconf 84' lang='lat' dir='ltr'><strong>Augustini,</strong></span> <span class='ocrx_word' id='word_1_44' title='bbox 1004 1078 1124 1160; x_wconf 91' lang='lat' dir='ltr'><strong>appel·</strong></span> 
     </span>
     <span class='ocr_line' id='line_1_8' title="bbox 175 1173 1125 1253; baseline 0.001 -14"><span class='ocrx_word' id='word_1_45' title='bbox 175 1173 282 1253; x_wconf 87' lang='lat' dir='ltr'><strong>latur,</strong></span> <span class='ocrx_word' id='word_1_46' title='bbox 296 1177 332 1240; x_wconf 92' lang='lat' dir='ltr'><strong>in</strong></span> <span class='ocrx_word' id='word_1_47' title='bbox 346 1177 494 1242; x_wconf 89' lang='lat' dir='ltr'><strong>confinio</strong></span> <span class='ocrx_word' id='word_1_48' title='bbox 507 1176 773 1242; x_wconf 88' lang='lat' dir='ltr'><strong>occidentalium</strong></span> <span class='ocrx_word' id='word_1_49' title='bbox 790 1176 969 1241; x_wconf 84' lang='lat' dir='ltr'><strong>Saxonum</strong></span> <span class='ocrx_word' id='word_1_50' title='bbox 983 1184 1018 1240; x_wconf 89' lang='lat' dir='ltr'><strong>et</strong></span> <span class='ocrx_word' id='word_1_51' title='bbox 1030 1176 1125 1240; x_wconf 88' lang='lat' dir='ltr'><strong>Wic·</strong></span> 
     </span>
     <span class='ocr_line' id='line_1_9' title="bbox 175 1275 1122 1361; baseline 0.001 -23"><span class='ocrx_word' id='word_1_52' title='bbox 175 1275 320 1354; x_wconf 86' lang='lat' dir='ltr'><strong>ciorum,</strong></span> <span class='ocrx_word' id='word_1_53' title='bbox 340 1277 515 1361; x_wconf 70' lang='lat' dir='ltr'><strong>coepitque</strong></span> <span class='ocrx_word' id='word_1_54' title='bbox 536 1277 586 1340; x_wconf 91' lang='lat' dir='ltr'><strong>eis</strong></span> <span class='ocrx_word' id='word_1_55' title='bbox 604 1277 758 1341; x_wconf 83' lang='lat' dir='ltr'><strong>fraterna</strong></span> <span class='ocrx_word' id='word_1_56' title='bbox 785 1276 1018 1341; x_wconf 77' lang='lat' dir='ltr'><strong>admonitione</strong></span> <span class='ocrx_word' id='word_1_57' title='bbox 1042 1295 1122 1339; x_wconf 89' lang='lat' dir='ltr'><strong>sua·</strong></span> 
     </span>
     <span class='ocr_line' id='line_1_10' title="bbox 170 1373 1122 1458; baseline 0.002 -22"><span class='ocrx_word' id='word_1_58' title='bbox 170 1373 269 1452; x_wconf 88' lang='lat' dir='ltr'><strong>dere,</strong></span> <span class='ocrx_word' id='word_1_59' title='bbox 285 1384 325 1440; x_wconf 93' lang='lat' dir='ltr'><strong>ut</strong></span> <span class='ocrx_word' id='word_1_60' title='bbox 337 1395 423 1458; x_wconf 88' lang='lat' dir='ltr'><strong>paee</strong></span> <span class='ocrx_word' id='word_1_61' title='bbox 438 1376 611 1441; x_wconf 88' lang='lat' dir='ltr'><strong>catholica</strong></span> <span class='ocrx_word' id='word_1_62' title='bbox 624 1395 740 1440; x_wconf 90' lang='lat' dir='ltr'><strong>secum</strong></span> <span class='ocrx_word' id='word_1_63' title='bbox 760 1375 892 1453; x_wconf 89' lang='lat' dir='ltr'><strong>habita,</strong></span> <span class='ocrx_word' id='word_1_64' title='bbox 909 1394 1122 1439; x_wconf 90' lang='lat' dir='ltr'><strong>communem</strong></span> 
     </span>
     <span class='ocr_line' id='line_1_11' title="bbox 175 1474 1121 1558; baseline 0.001 -22"><span class='ocrx_word' id='word_1_65' title='bbox 175 1474 437 1557; x_wconf 77' lang='lat' dir='ltr'><strong>evangelizandi</strong></span> <span class='ocrx_word' id='word_1_66' title='bbox 451 1476 613 1558; x_wconf 87' lang='lat' dir='ltr'><strong>gentibus</strong></span> <span class='ocrx_word' id='word_1_67' title='bbox 630 1495 692 1558; x_wconf 91' lang='lat' dir='ltr'><strong>pro</strong></span> <span class='ocrx_word' id='word_1_68' title='bbox 709 1476 859 1540; x_wconf 91' lang='lat' dir='ltr'><strong>Domino</strong></span> <span class='ocrx_word' id='word_1_69' title='bbox 878 1475 1028 1539; x_wconf 90' lang='lat' dir='ltr'><strong>laborem</strong></span> <span class='ocrx_word' id='word_1_70' title='bbox 1047 1494 1121 1538; x_wconf 92' lang='lat' dir='ltr'><strong>sus·</strong></span> 
     </span>
     <span class='ocr_line' id='line_1_12' title="bbox 171 1573 1124 1659; baseline 0.001 -23"><span class='ocrx_word' id='word_1_71' title='bbox 171 1573 343 1655; x_wconf 84' lang='lat' dir='ltr'><strong>ciperent,</strong></span> <span class='ocrx_word' id='word_1_72' title='bbox 364 1583 404 1640; x_wconf 90' lang='lat' dir='ltr'><strong>ut</strong></span> <span class='ocrx_word' id='word_1_73' title='bbox 419 1577 479 1659; x_wconf 91' lang='lat' dir='ltr'><strong>qui</strong></span> <span class='ocrx_word' id='word_1_74' title='bbox 496 1582 656 1640; x_wconf 91' lang='lat' dir='ltr'><strong>sanctum</strong></span> <span class='ocrx_word' id='word_1_75' title='bbox 671 1574 809 1638; x_wconf 83' lang='lat' dir='ltr'><strong>Pascha</strong></span> <span class='ocrx_word' id='word_1_76' title='bbox 826 1583 861 1639; x_wconf 92' lang='lat' dir='ltr'><strong>et</strong></span> <span class='ocrx_word' id='word_1_77' title='bbox 876 1574 946 1638; x_wconf 87' lang='lat' dir='ltr'><strong>alia</strong></span> <span class='ocrx_word' id='word_1_78' title='bbox 960 1574 1124 1657; x_wconf 80' lang='lat' dir='ltr'><strong>perplura</strong></span> 
     </span>
     <span class='ocr_line' id='line_1_13' title="bbox 174 1673 1123 1752; baseline 0.002 -18"><span class='ocrx_word' id='word_1_79' title='bbox 174 1673 303 1737; x_wconf 86' lang='lat' dir='ltr'><strong>unitati</strong></span> <span class='ocrx_word' id='word_1_80' title='bbox 328 1674 482 1740; x_wconf 83' lang='lat' dir='ltr'><strong>ecclesiae</strong></span> <span class='ocrx_word' id='word_1_81' title='bbox 507 1674 683 1739; x_wconf 89' lang='lat' dir='ltr'><strong>contraria</strong></span> <span class='ocrx_word' id='word_1_82' title='bbox 703 1673 886 1740; x_wconf 83' lang='lat' dir='ltr'><strong>faciebant.</strong></span> <span class='ocrx_word' id='word_1_83' title='bbox 939 1673 1123 1752; x_wconf 85' lang='lat' dir='ltr'><strong>Quicum,</strong></span> 
     </span>
     <span class='ocr_line' id='line_1_14' title="bbox 175 1770 1123 1857; baseline 0.004 -22"><span class='ocrx_word' id='word_1_84' title='bbox 175 1770 281 1854; x_wconf 90' lang='lat' dir='ltr'><strong>longa</strong></span> <span class='ocrx_word' id='word_1_85' title='bbox 296 1773 531 1857; x_wconf 88' lang='lat' dir='ltr'><strong>disputatione</strong></span> <span class='ocrx_word' id='word_1_86' title='bbox 556 1773 687 1851; x_wconf 86' lang='lat' dir='ltr'><strong>habita,</strong></span> <span class='ocrx_word' id='word_1_87' title='bbox 704 1793 816 1857; x_wconf 88' lang='lat' dir='ltr'><strong>neque</strong></span> <span class='ocrx_word' id='word_1_88' title='bbox 830 1774 989 1856; x_wconf 83' lang='lat' dir='ltr'><strong>precibus</strong></span> <span class='ocrx_word' id='word_1_89' title='bbox 1013 1792 1123 1854; x_wconf 89' lang='lat' dir='ltr'><strong>neque</strong></span> 
     </span>
     <span class='ocr_line' id='line_1_15' title="bbox 175 1870 1122 1957; baseline 0.001 -23"><span class='ocrx_word' id='word_1_90' title='bbox 175 1870 404 1938; x_wconf 82' lang='lat' dir='ltr'><strong>hortamentis</strong></span> <span class='ocrx_word' id='word_1_91' title='bbox 428 1872 617 1957; x_wconf 74' lang='lat' dir='ltr'><strong>Augustini</strong></span> <span class='ocrx_word' id='word_1_92' title='bbox 642 1893 820 1937; x_wconf 84' lang='lat' dir='ltr'><strong>assensum</strong></span> <span class='ocrx_word' id='word_1_93' title='bbox 845 1873 998 1956; x_wconf 85' lang='lat' dir='ltr'><strong>praebere</strong></span> <span class='ocrx_word' id='word_1_94' title='bbox 1023 1872 1122 1935; x_wconf 88' lang='lat' dir='ltr'><strong>volu-</strong></span> 
     </span>
     <span class='ocr_line' id='line_1_16' title="bbox 174 1971 1122 2054; baseline -0.001 -19"><span class='ocrx_word' id='word_1_95' title='bbox 174 1971 297 2049; x_wconf 87' lang='lat' dir='ltr'><strong>issent,</strong></span> <span class='ocrx_word' id='word_1_96' title='bbox 314 1974 377 2050; x_wconf 91' lang='lat' dir='ltr'><strong>ait,</strong></span> <span class='ocrx_word' id='word_1_97' title='bbox 392 1973 655 2050; x_wconf 66' lang='lat' dir='ltr'><strong>‘obsecramus</strong></span> <span class='ocrx_word' id='word_1_98' title='bbox 674 1972 811 2049; x_wconf 80' lang='lat' dir='ltr'><strong>fratres,</strong></span> <span class='ocrx_word' id='word_1_99' title='bbox 828 1973 942 2036; x_wconf 89' lang='lat' dir='ltr'><strong>Deum</strong></span> <span class='ocrx_word' id='word_1_100' title='bbox 966 1972 1122 2054; x_wconf 89' lang='lat' dir='ltr'><strong>omnipo-</strong></span> 
     </span>
     <span class='ocr_line' id='line_1_17' title="bbox 177 2071 1122 2155; baseline -0.002 -20"><span class='ocrx_word' id='word_1_101' title='bbox 177 2077 320 2149; x_wconf 81' lang='lat' dir='ltr'><strong>tentem,</strong></span> <span class='ocrx_word' id='word_1_102' title='bbox 347 2080 386 2136; x_wconf 92' lang='lat' dir='ltr'><strong>ut</strong></span> <span class='ocrx_word' id='word_1_103' title='bbox 409 2073 483 2155; x_wconf 90' lang='lat' dir='ltr'><strong>ipse</strong></span> <span class='ocrx_word' id='word_1_104' title='bbox 507 2073 607 2136; x_wconf 85' lang='lat' dir='ltr'><strong>nobis</strong></span> <span class='ocrx_word' id='word_1_105' title='bbox 635 2072 831 2136; x_wconf 86' lang='lat' dir='ltr'><strong>caelestibus</strong></span> <span class='ocrx_word' id='word_1_106' title='bbox 858 2071 968 2153; x_wconf 84' lang='lat' dir='ltr'><strong>signis</strong></span> <span class='ocrx_word' id='word_1_107' title='bbox 990 2072 1122 2134; x_wconf 91' lang='lat' dir='ltr'><strong>insinu-</strong></span> 
     </span>
     <span class='ocr_line' id='line_1_18' title="bbox 176 2169 1124 2255; baseline 0.002 -22"><span class='ocrx_word' id='word_1_108' title='bbox 176 2188 236 2233; x_wconf 83' lang='lat' dir='ltr'><strong>are</strong></span> <span class='ocrx_word' id='word_1_109' title='bbox 251 2169 426 2253; x_wconf 83' lang='lat' dir='ltr'><strong>dignetur,</strong></span> <span class='ocrx_word' id='word_1_110' title='bbox 451 2191 530 2255; x_wconf 85' lang='lat' dir='ltr'><strong>quae</strong></span> <span class='ocrx_word' id='word_1_111' title='bbox 557 2171 734 2255; x_wconf 89' lang='lat' dir='ltr'><strong>sequenda</strong></span> <span class='ocrx_word' id='word_1_112' title='bbox 758 2171 911 2248; x_wconf 88' lang='lat' dir='ltr'><strong>traditio,</strong></span> <span class='ocrx_word' id='word_1_113' title='bbox 931 2170 1056 2254; x_wconf 93' lang='lat' dir='ltr'><strong>quibus</strong></span> <span class='ocrx_word' id='word_1_114' title='bbox 1077 2171 1124 2235; x_wconf 92' lang='lat' dir='ltr'><strong>sit</strong></span> 
     </span>
     <span class='ocr_line' id='line_1_19' title="bbox 179 2268 1121 2353; baseline -0.001 -21"><span class='ocrx_word' id='word_1_115' title='bbox 179 2269 244 2332; x_wconf 85' lang='lat' dir='ltr'><strong>viis</strong></span> <span class='ocrx_word' id='word_1_116' title='bbox 269 2270 314 2334; x_wconf 86' lang='lat' dir='ltr'><strong>ad</strong></span> <span class='ocrx_word' id='word_1_117' title='bbox 336 2271 529 2352; x_wconf 89' lang='lat' dir='ltr'><strong>ingressum</strong></span> <span class='ocrx_word' id='word_1_118' title='bbox 551 2272 649 2353; x_wconf 86' lang='lat' dir='ltr'><strong>regni</strong></span> <span class='ocrx_word' id='word_1_119' title='bbox 672 2271 820 2335; x_wconf 84' lang='lat' dir='ltr'><strong>caelestis</strong></span> <span class='ocrx_word' id='word_1_120' title='bbox 847 2268 1121 2353; x_wconf 90' lang='lat' dir='ltr'><strong>properandum;</strong></span> 
     </span>
     <span class='ocr_line' id='line_1_20' title="bbox 177 2368 1121 2454; baseline -0.001 -22"><span class='ocrx_word' id='word_1_121' title='bbox 177 2368 370 2435; x_wconf 83' lang='lat' dir='ltr'><strong>adducatur</strong></span> <span class='ocrx_word' id='word_1_122' title='bbox 393 2371 518 2454; x_wconf 88' lang='lat' dir='ltr'><strong>aliquis</strong></span> <span class='ocrx_word' id='word_1_123' title='bbox 538 2390 643 2452; x_wconf 85' lang='lat' dir='ltr'><strong>aeger,</strong></span> <span class='ocrx_word' id='word_1_124' title='bbox 663 2378 698 2434; x_wconf 90' lang='lat' dir='ltr'><strong>et</strong></span> <span class='ocrx_word' id='word_1_125' title='bbox 719 2389 781 2452; x_wconf 91' lang='lat' dir='ltr'><strong>per</strong></span> <span class='ocrx_word' id='word_1_126' title='bbox 803 2369 904 2452; x_wconf 87' lang='lat' dir='ltr'><strong>cujus</strong></span> <span class='ocrx_word' id='word_1_127' title='bbox 930 2388 1048 2452; x_wconf 89' lang='lat' dir='ltr'><strong>preces</strong></span> <span class='ocrx_word' id='word_1_128' title='bbox 1069 2368 1121 2431; x_wconf 91' lang='lat' dir='ltr'><strong>fu-</strong></span> 
     </span>
     <span class='ocr_line' id='line_1_21' title="bbox 177 2468 1123 2554; baseline 0 -23"><span class='ocrx_word' id='word_1_129' title='bbox 177 2469 243 2541; x_wconf 83' lang='lat' dir='ltr'><strong>erit</strong></span> <span class='ocrx_word' id='word_1_130' title='bbox 259 2478 412 2547; x_wconf 89' lang='lat' dir='ltr'><strong>curatus,</strong></span> <span class='ocrx_word' id='word_1_131' title='bbox 428 2470 532 2554; x_wconf 91' lang='lat' dir='ltr'><strong>hujus</strong></span> <span class='ocrx_word' id='word_1_132' title='bbox 546 2470 631 2534; x_wconf 89' lang='lat' dir='ltr'><strong>fides</strong></span> <span class='ocrx_word' id='word_1_133' title='bbox 655 2477 691 2534; x_wconf 91' lang='lat' dir='ltr'><strong>et</strong></span> <span class='ocrx_word' id='word_1_134' title='bbox 712 2470 867 2552; x_wconf 87' lang='lat' dir='ltr'><strong>operatio</strong></span> <span class='ocrx_word' id='word_1_135' title='bbox 890 2468 1047 2532; x_wconf 91' lang='lat' dir='ltr'><strong>omnibus</strong></span> <span class='ocrx_word' id='word_1_136' title='bbox 1070 2487 1123 2531; x_wconf 90' lang='lat' dir='ltr'><strong>se·</strong></span> 
     </span>
     <span class='ocr_line' id='line_1_22' title="bbox 176 2566 1124 2651; baseline 0 -20"><span class='ocrx_word' id='word_1_137' title='bbox 176 2569 315 2651; x_wconf 82' lang='lat' dir='ltr'><strong>quenda</strong></span> <span class='ocrx_word' id='word_1_138' title='bbox 344 2570 525 2634; x_wconf 63' lang='lat' dir='ltr'><strong>tradatur?</strong></span> <span class='ocrx_word' id='word_1_139' title='bbox 577 2568 680 2647; x_wconf 84' lang='lat' dir='ltr'><strong>Quod</strong></span> <span class='ocrx_word' id='word_1_140' title='bbox 711 2588 788 2633; x_wconf 89' lang='lat' dir='ltr'><strong>cum</strong></span> <span class='ocrx_word' id='word_1_141' title='bbox 819 2567 1020 2644; x_wconf 88' lang='lat' dir='ltr'><strong>adversarii,</strong></span> <span class='ocrx_word' id='word_1_142' title='bbox 1042 2566 1124 2631; x_wconf 90' lang='lat' dir='ltr'><strong>licet</strong></span> 
     </span>
     <span class='ocr_line' id='line_1_23' title="bbox 175 2667 1125 2750; baseline -0.002 -19"><span class='ocrx_word' id='word_1_143' title='bbox 175 2668 289 2745; x_wconf 88' lang='lat' dir='ltr'><strong>inviti,</strong></span> <span class='ocrx_word' id='word_1_144' title='bbox 305 2670 543 2745; x_wconf 83' lang='lat' dir='ltr'><strong>concederent,</strong></span> <span class='ocrx_word' id='word_1_145' title='bbox 559 2668 686 2732; x_wconf 88' lang='lat' dir='ltr'><strong>allatus</strong></span> <span class='ocrx_word' id='word_1_146' title='bbox 710 2675 763 2731; x_wconf 88' lang='lat' dir='ltr'><strong>ost</strong></span> <span class='ocrx_word' id='word_1_147' title='bbox 780 2686 875 2749; x_wconf 86' lang='lat' dir='ltr'><strong>aeger</strong></span> <span class='ocrx_word' id='word_1_148' title='bbox 889 2667 1027 2750; x_wconf 92' lang='lat' dir='ltr'><strong>quidam</strong></span> <span class='ocrx_word' id='word_1_149' title='bbox 1043 2685 1125 2730; x_wconf 90' lang='lat' dir='ltr'><strong>ocu·</strong></span> 
     </span>
     <span class='ocr_line' id='line_1_24' title="bbox 177 2766 1124 2851; baseline -0.003 -20"><span class='ocrx_word' id='word_1_150' title='bbox 177 2766 289 2831; x_wconf 92' lang='lat' dir='ltr'><strong>lorum</strong></span> <span class='ocrx_word' id='word_1_151' title='bbox 310 2768 387 2833; x_wconf 90' lang='lat' dir='ltr'><strong>luce</strong></span> <span class='ocrx_word' id='word_1_152' title='bbox 408 2771 586 2851; x_wconf 87' lang='lat' dir='ltr'><strong>privatus;</strong></span> <span class='ocrx_word' id='word_1_153' title='bbox 610 2769 765 2851; x_wconf 92' lang='lat' dir='ltr'><strong>quicum</strong></span> <span class='ocrx_word' id='word_1_154' title='bbox 787 2767 925 2831; x_wconf 88' lang='lat' dir='ltr'><strong>oblatus</strong></span> <span class='ocrx_word' id='word_1_155' title='bbox 941 2766 1124 2830; x_wconf 91' lang='lat' dir='ltr'><strong>Britonum</strong></span> 
     </span>
     <span class='ocr_line' id='line_1_25' title="bbox 178 2865 1123 2950; baseline -0.002 -20"><span class='ocrx_word' id='word_1_156' title='bbox 178 2867 361 2950; x_wconf 87' lang='lat' dir='ltr'><strong>episcopis,</strong></span> <span class='ocrx_word' id='word_1_157' title='bbox 378 2868 462 2931; x_wconf 92' lang='lat' dir='ltr'><strong>nihil</strong></span> <span class='ocrx_word' id='word_1_158' title='bbox 484 2868 673 2932; x_wconf 84' lang='lat' dir='ltr'><strong>curationis</strong></span> <span class='ocrx_word' id='word_1_159' title='bbox 694 2886 811 2930; x_wconf 89' lang='lat' dir='ltr'><strong>eorum</strong></span> <span class='ocrx_word' id='word_1_160' title='bbox 834 2865 1024 2929; x_wconf 89' lang='lat' dir='ltr'><strong>ministerio</strong></span> <span class='ocrx_word' id='word_1_161' title='bbox 1045 2885 1123 2947; x_wconf 90' lang='lat' dir='ltr'><strong>per·</strong></span> 
     </span>
     <span class='ocr_line' id='line_1_26' title="bbox 171 2964 1123 3048; baseline -0.003 -18"><span class='ocrx_word' id='word_1_162' title='bbox 171 2967 320 3048; x_wconf 85' lang='lat' dir='ltr'><strong>ciperet,</strong></span> <span class='ocrx_word' id='word_1_163' title='bbox 329 2966 467 3030; x_wconf 85' lang='lat' dir='ltr'><strong>tandem</strong></span> <span class='ocrx_word' id='word_1_164' title='bbox 480 2964 699 3048; x_wconf 82' lang='lat' dir='ltr'><strong>Augustinus</strong></span> <span class='ocrx_word' id='word_1_165' title='bbox 713 2985 827 3048; x_wconf 87' lang='lat' dir='ltr'><strong>genua</strong></span> <span class='ocrx_word' id='word_1_166' title='bbox 841 2985 905 3029; x_wconf 89' lang='lat' dir='ltr'><strong>sua</strong></span> <span class='ocrx_word' id='word_1_167' title='bbox 921 2966 964 3028; x_wconf 90' lang='lat' dir='ltr'><strong>ad</strong></span> <span class='ocrx_word' id='word_1_168' title='bbox 982 2964 1123 3029; x_wconf 89' lang='lat' dir='ltr'><strong>Patrem</strong></span> 
     </span>
     <span class='ocr_line' id='line_1_27' title="bbox 181 3064 1124 3147; baseline 0 -19"><span class='ocrx_word' id='word_1_169' title='bbox 181 3065 322 3129; x_wconf 90' lang='lat' dir='ltr'><strong>Domini</strong></span> <span class='ocrx_word' id='word_1_170' title='bbox 343 3067 453 3129; x_wconf 92' lang='lat' dir='ltr'><strong>nostri</strong></span> <span class='ocrx_word' id='word_1_171' title='bbox 475 3064 498 3129; x_wconf 90' lang='lat' dir='ltr'>J</span> <span class='ocrx_word' id='word_1_172' title='bbox 501 3084 563 3129; x_wconf 89' lang='lat' dir='ltr'><strong>esu</strong></span> <span class='ocrx_word' id='word_1_173' title='bbox 580 3065 710 3130; x_wconf 86' lang='lat' dir='ltr'><strong>Christi</strong></span> <span class='ocrx_word' id='word_1_174' title='bbox 732 3065 843 3142; x_wconf 85' lang='lat' dir='ltr'><strong>flexit,</strong></span> <span class='ocrx_word' id='word_1_175' title='bbox 870 3065 1059 3147; x_wconf 89' lang='lat' dir='ltr'><strong>deprecans</strong></span> <span class='ocrx_word' id='word_1_176' title='bbox 1084 3072 1124 3128; x_wconf 93' lang='lat' dir='ltr'><strong>ut</strong></span> 
     </span>
     <span class='ocr_line' id='line_1_28' title="bbox 179 3164 1123 3248; baseline -0.003 -19"><span class='ocrx_word' id='word_1_177' title='bbox 179 3164 289 3229; x_wconf 82' lang='lat' dir='ltr'><strong>visum</strong></span> <span class='ocrx_word' id='word_1_178' title='bbox 318 3184 415 3231; x_wconf 87' lang='lat' dir='ltr'><strong>coeco</strong></span> <span class='ocrx_word' id='word_1_179' title='bbox 446 3166 654 3243; x_wconf 90' lang='lat' dir='ltr'><strong>restitueret,</strong></span> <span class='ocrx_word' id='word_1_180' title='bbox 683 3173 723 3228; x_wconf 94' lang='lat' dir='ltr'><strong>ut</strong></span> <span class='ocrx_word' id='word_1_181' title='bbox 753 3185 816 3248; x_wconf 90' lang='lat' dir='ltr'><strong>per</strong></span> <span class='ocrx_word' id='word_1_182' title='bbox 839 3164 1123 3228; x_wconf 87' lang='lat' dir='ltr'><strong>illuminationem</strong></span> 
     </span>
     <span class='ocr_line' id='line_1_29' title="bbox 180 3262 1125 3347; baseline -0.005 -16"><span class='ocrx_word' id='word_1_183' title='bbox 180 3265 281 3331; x_wconf 88' lang='lat' dir='ltr'><strong>unius</strong></span> <span class='ocrx_word' id='word_1_184' title='bbox 308 3264 456 3329; x_wconf 88' lang='lat' dir='ltr'><strong>hominis</strong></span> <span class='ocrx_word' id='word_1_185' title='bbox 479 3265 691 3346; x_wconf 89' lang='lat' dir='ltr'><strong>corporalem</strong></span> <span class='ocrx_word' id='word_1_186' title='bbox 713 3264 751 3327; x_wconf 93' lang='lat' dir='ltr'><strong>in</strong></span> <span class='ocrx_word' id='word_1_187' title='bbox 774 3264 996 3347; x_wconf 91' lang='lat' dir='ltr'><strong>plurimorum</strong></span> <span class='ocrx_word' id='word_1_188' title='bbox 1021 3262 1125 3327; x_wconf 85' lang='lat' dir='ltr'><strong>corda</strong></span> 
     </span>
     <span class='ocr_line' id='line_1_30' title="bbox 180 3362 1123 3445; baseline -0.004 -16"><span class='ocrx_word' id='word_1_189' title='bbox 180 3364 331 3429; x_wconf 88' lang='lat' dir='ltr'><strong>fidelium</strong></span> <span class='ocrx_word' id='word_1_190' title='bbox 369 3363 518 3445; x_wconf 87' lang='lat' dir='ltr'><strong>gratiam</strong></span> <span class='ocrx_word' id='word_1_191' title='bbox 559 3362 760 3427; x_wconf 90' lang='lat' dir='ltr'><strong>accenderet</strong></span> <span class='ocrx_word' id='word_1_192' title='bbox 796 3363 883 3427; x_wconf 89' lang='lat' dir='ltr'><strong>lucis</strong></span> <span class='ocrx_word' id='word_1_193' title='bbox 922 3362 1123 3444; x_wconf 88' lang='lat' dir='ltr'><strong>spiritualis.</strong></span> 
     </span>
     <span class='ocr_line' id='line_1_31' title="bbox 181 3463 1125 3540; baseline -0.006 -9"><span class='ocrx_word' id='word_1_194' title='bbox 181 3465 256 3531; x_wconf 89' lang='lat' dir='ltr'><strong>Nec</strong></span> <span class='ocrx_word' id='word_1_195' title='bbox 280 3481 390 3540; x_wconf 84' lang='lat' dir='ltr'><strong>mora,</strong></span> <span class='ocrx_word' id='word_1_196' title='bbox 412 3463 626 3527; x_wconf 86' lang='lat' dir='ltr'><strong>illuminatur</strong></span> <span class='ocrx_word' id='word_1_197' title='bbox 649 3481 764 3527; x_wconf 87' lang='lat' dir='ltr'><strong>coecus</strong></span> <span class='ocrx_word' id='word_1_198' title='bbox 790 3482 831 3526; x_wconf 88' lang='lat' dir='ltr'><strong>ac</strong></span> <span class='ocrx_word' id='word_1_199' title='bbox 854 3481 956 3525; x_wconf 88' lang='lat' dir='ltr'><strong>verus</strong></span> <span class='ocrx_word' id='word_1_200' title='bbox 982 3480 1125 3525; x_wconf 85' lang='lat' dir='ltr'><strong>snmmae</strong></span> 
     </span>
    </p>
   </div>
   <div class='ocr_carea' id='block_1_3' title="bbox 177 3641 1126 4261">
    <p class='ocr_par' dir='ltr' id='par_1_3' title="bbox 177 3641 1126 4261">
     <span class='ocr_line' id='line_1_32' title="bbox 177 3641 1124 3714; baseline -0.006 -13"><span class='ocrx_word' id='word_1_201' title='bbox 177 3650 235 3701; x_wconf 78' lang='lat' dir='ltr'><strong>date</strong></span> <span class='ocrx_word' id='word_1_202' title='bbox 250 3649 281 3700; x_wconf 85' lang='lat' dir='ltr'><strong>oi</strong></span> <span class='ocrx_word' id='word_1_203' title='bbox 296 3649 348 3698; x_wconf 82' lang='lat' dir='ltr'><strong>this</strong></span> <span class='ocrx_word' id='word_1_204' title='bbox 363 3648 442 3698; x_wconf 83' lang='lat' dir='ltr'><strong>battle</strong></span> <span class='ocrx_word' id='word_1_205' title='bbox 461 3648 483 3698; x_wconf 87' lang='lat' dir='ltr'><strong>is</strong></span> <span class='ocrx_word' id='word_1_206' title='bbox 501 3648 640 3709; x_wconf 83' lang='lat' dir='ltr'><strong>altogether</strong></span> <span class='ocrx_word' id='word_1_207' title='bbox 700 3641 938 3714; x_wconf 76' lang='lat' dir='ltr'><strong>¹AugustioesAc.]</strong></span> <span class='ocrx_word' id='word_1_208' title='bbox 951 3646 1026 3695; x_wconf 81' lang='lat' dir='ltr'><strong>Carta</strong></span> <span class='ocrx_word' id='word_1_209' title='bbox 1038 3647 1124 3708; x_wconf 83' lang='lat' dir='ltr'><strong>places</strong></span> 
     </span>
     <span class='ocr_line' id='line_1_33' title="bbox 178 3716 1124 3778; baseline -0.007 -7"><span class='ocrx_word' id='word_1_210' title='bbox 178 3721 318 3771; x_wconf 85' lang='lat' dir='ltr'><strong>uncertain.</strong></span> <span class='ocrx_word' id='word_1_211' title='bbox 347 3719 400 3766; x_wconf 87' lang='lat' dir='ltr'><strong>The</strong></span> <span class='ocrx_word' id='word_1_212' title='bbox 411 3718 495 3767; x_wconf 85' lang='lat' dir='ltr'><strong>Saxon</strong></span> <span class='ocrx_word' id='word_1_213' title='bbox 507 3718 639 3768; x_wconf 88' lang='lat' dir='ltr'><strong>Chronicle</strong></span> <span class='ocrx_word' id='word_1_214' title='bbox 664 3718 706 3767; x_wconf 87' lang='lat' dir='ltr'><strong>the</strong></span> <span class='ocrx_word' id='word_1_215' title='bbox 717 3732 791 3767; x_wconf 88' lang='lat' dir='ltr'><strong>scene</strong></span> <span class='ocrx_word' id='word_1_216' title='bbox 808 3717 838 3765; x_wconf 83' lang='lat' dir='ltr'><strong>oi</strong></span> <span class='ocrx_word' id='word_1_217' title='bbox 851 3716 901 3764; x_wconf 90' lang='lat' dir='ltr'><strong>this</strong></span> <span class='ocrx_word' id='word_1_218' title='bbox 920 3716 1000 3777; x_wconf 84' lang='lat' dir='ltr'><strong>synod</strong></span> <span class='ocrx_word' id='word_1_219' title='bbox 1011 3722 1038 3764; x_wconf 88' lang='lat' dir='ltr'><strong>at</strong></span> <span class='ocrx_word' id='word_1_220' title='bbox 1048 3718 1124 3778; x_wconf 83' lang='lat' dir='ltr'><strong>Aust,</strong></span> 
     </span>
     <span class='ocr_line' id='line_1_34' title="bbox 179 3786 1123 3854; baseline -0.008 -11"><span class='ocrx_word' id='word_1_221' title='bbox 179 3792 265 3854; x_wconf 80' lang='lat' dir='ltr'><strong>places</strong></span> <span class='ocrx_word' id='word_1_222' title='bbox 275 3791 297 3840; x_wconf 91' lang='lat' dir='ltr'><strong>it</strong></span> <span class='ocrx_word' id='word_1_223' title='bbox 307 3790 334 3838; x_wconf 90' lang='lat' dir='ltr'><strong>in</strong></span> <span class='ocrx_word' id='word_1_224' title='bbox 347 3792 407 3849; x_wconf 78' lang='grc'><strong>607,</strong></span> <span class='ocrx_word' id='word_1_225' title='bbox 416 3787 467 3837; x_wconf 87' lang='lat' dir='ltr'><strong>and</strong></span> <span class='ocrx_word' id='word_1_226' title='bbox 483 3787 575 3839; x_wconf 80' lang='lat' dir='ltr'><strong>affirmo</strong></span> <span class='ocrx_word' id='word_1_227' title='bbox 586 3788 641 3836; x_wconf 85' lang='lat' dir='ltr'><strong>that</strong></span> <span class='ocrx_word' id='word_1_228' title='bbox 664 3803 693 3836; x_wconf 92' lang='lat' dir='ltr'><strong>or</strong></span> <span class='ocrx_word' id='word_1_229' title='bbox 703 3787 856 3847; x_wconf 83' lang='lat' dir='ltr'><strong>Aust-clive,</strong></span> <span class='ocrx_word' id='word_1_230' title='bbox 864 3801 896 3833; x_wconf 92' lang='lat' dir='ltr'><strong>ou</strong></span> <span class='ocrx_word' id='word_1_231' title='bbox 904 3787 946 3834; x_wconf 88' lang='lat' dir='ltr'><strong>the</strong></span> <span class='ocrx_word' id='word_1_232' title='bbox 953 3786 1059 3845; x_wconf 81' lang='lat' dir='ltr'><strong>Sevem;</strong></span> <span class='ocrx_word' id='word_1_233' title='bbox 1071 3786 1123 3835; x_wconf 88' lang='lat' dir='ltr'><strong>Mr.</strong></span> 
     </span>
     <span class='ocr_line' id='line_1_35' title="bbox 179 3855 1124 3919; baseline -0.008 -8"><span class='ocrx_word' id='word_1_234' title='bbox 179 3866 229 3911; x_wconf 77' lang='lat' dir='ltr'><strong>two</strong></span> <span class='ocrx_word' id='word_1_235' title='bbox 246 3859 363 3910; x_wconf 83' lang='lat' dir='ltr'><strong>hundred</strong></span> <span class='ocrx_word' id='word_1_236' title='bbox 380 3859 473 3919; x_wconf 84' lang='lat' dir='ltr'><strong>priests</strong></span> <span class='ocrx_word' id='word_1_237' title='bbox 486 3872 554 3907; x_wconf 83' lang='lat' dir='ltr'><strong>were</strong></span> <span class='ocrx_word' id='word_1_238' title='bbox 571 3856 640 3907; x_wconf 86' lang='lat' dir='ltr'><strong>there</strong></span> <span class='ocrx_word' id='word_1_239' title='bbox 664 3858 800 3906; x_wconf 81' lang='lat' dir='ltr'><strong>Stevenson</strong></span> <span class='ocrx_word' id='word_1_240' title='bbox 823 3857 946 3917; x_wconf 87' lang='lat' dir='ltr'><strong>imagines</strong></span> <span class='ocrx_word' id='word_1_241' title='bbox 968 3855 989 3902; x_wconf 92' lang='lat' dir='ltr'><strong>it</strong></span> <span class='ocrx_word' id='word_1_242' title='bbox 1009 3860 1035 3904; x_wconf 92' lang='lat' dir='ltr'><strong>to</strong></span> <span class='ocrx_word' id='word_1_243' title='bbox 1060 3855 1124 3904; x_wconf 82' lang='lat' dir='ltr'><strong>hare</strong></span> 
     </span>
     <span class='ocr_line' id='line_1_36' title="bbox 180 3924 1123 3989; baseline -0.007 -8"><span class='ocrx_word' id='word_1_244' title='bbox 180 3928 639 3989; x_wconf 77' lang='lat' dir='ltr'><strong>shin.wi11.Ma1msb.p.eo‚uote.</strong></span> <span class='ocrx_word' id='word_1_245' title='bbox 664 3927 728 3975; x_wconf 92' lang='lat' dir='ltr'><strong>been</strong></span> <span class='ocrx_word' id='word_1_246' title='bbox 750 3925 810 3975; x_wconf 94' lang='lat' dir='ltr'><strong>held</strong></span> <span class='ocrx_word' id='word_1_247' title='bbox 836 3925 917 3974; x_wconf 87' lang='lat' dir='ltr'><strong>under</strong></span> <span class='ocrx_word' id='word_1_248' title='bbox 939 3940 972 3974; x_wconf 86' lang='lat' dir='ltr'><strong>an</strong></span> <span class='ocrx_word' id='word_1_249' title='bbox 1000 3924 1123 3974; x_wconf 72' lang='lat' dir='ltr'><strong>oali-trec.</strong></span> 
     </span>
     <span class='ocr_line' id='line_1_37' title="bbox 180 3993 1125 4061; baseline -0.011 -10"><span class='ocrx_word' id='word_1_250' title='bbox 180 4000 331 4061; x_wconf 81' lang='lat' dir='ltr'><strong>Wendover‚</strong></span> <span class='ocrx_word' id='word_1_251' title='bbox 341 3999 368 4046; x_wconf 91' lang='lat' dir='ltr'><strong>in</strong></span> <span class='ocrx_word' id='word_1_252' title='bbox 375 3997 418 4047; x_wconf 86' lang='lat' dir='ltr'><strong>the</strong></span> <span class='ocrx_word' id='word_1_253' title='bbox 428 3997 557 4058; x_wconf 81' lang='lat' dir='ltr'><strong>following</strong></span> <span class='ocrx_word' id='word_1_254' title='bbox 563 3997 640 4058; x_wconf 85' lang='lat' dir='ltr'><strong>chap-</strong></span> <span class='ocrx_word' id='word_1_255' title='bbox 666 3996 730 4046; x_wconf 87' lang='lat' dir='ltr'><strong>Bed.</strong></span> <span class='ocrx_word' id='word_1_256' title='bbox 744 3996 813 4045; x_wconf 86' lang='lat' dir='ltr'><strong>Hist.</strong></span> <span class='ocrx_word' id='word_1_257' title='bbox 825 3993 838 4060; x_wconf 66' lang='grc' dir='ltr'><strong>ξ</strong></span> <span class='ocrx_word' id='word_1_258' title='bbox 849 4000 891 4057; x_wconf 79' lang='grc'><strong>91,</strong></span> <span class='ocrx_word' id='word_1_259' title='bbox 901 3999 965 4045; x_wconf 75' lang='lat' dir='ltr'><strong>note.</strong></span> <span class='ocrx_word' id='word_1_260' title='bbox 999 3994 1053 4042; x_wconf 88' lang='lat' dir='ltr'><strong>The</strong></span> <span class='ocrx_word' id='word_1_261' title='bbox 1065 3994 1125 4042; x_wconf 88' lang='lat' dir='ltr'><strong>date</strong></span> 
     </span>
     <span class='ocr_line' id='line_1_38' title="bbox 179 4064 1126 4130; baseline -0.01 -11"><span class='ocrx_word' id='word_1_262' title='bbox 179 4074 217 4120; x_wconf 84' lang='lat' dir='ltr'><strong>ter</strong></span> <span class='ocrx_word' id='word_1_263' title='bbox 238 4071 302 4120; x_wconf 80' lang='lat' dir='ltr'><strong>from</strong></span> <span class='ocrx_word' id='word_1_264' title='bbox 325 4067 407 4130; x_wconf 81' lang='lat' dir='ltr'><strong>Beda,</strong></span> <span class='ocrx_word' id='word_1_265' title='bbox 429 4082 489 4130; x_wconf 82' lang='lat' dir='ltr'><strong>says</strong></span> <span class='ocrx_word' id='word_1_266' title='bbox 516 4066 572 4116; x_wconf 83' lang='lat' dir='ltr'><strong>that</strong></span> <span class='ocrx_word' id='word_1_267' title='bbox 597 4066 639 4116; x_wconf 90' lang='lat' dir='ltr'><strong>the</strong></span> <span class='ocrx_word' id='word_1_268' title='bbox 664 4065 694 4114; x_wconf 86' lang='lat' dir='ltr'><strong>oi</strong></span> <span class='ocrx_word' id='word_1_269' title='bbox 707 4066 749 4114; x_wconf 90' lang='lat' dir='ltr'><strong>the</strong></span> <span class='ocrx_word' id='word_1_270' title='bbox 768 4065 848 4126; x_wconf 86' lang='lat' dir='ltr'><strong>synod</strong></span> <span class='ocrx_word' id='word_1_271' title='bbox 867 4067 890 4114; x_wconf 88' lang='lat' dir='ltr'><strong>is</strong></span> <span class='ocrx_word' id='word_1_272' title='bbox 914 4065 968 4113; x_wconf 86' lang='lat' dir='ltr'><strong>also</strong></span> <span class='ocrx_word' id='word_1_273' title='bbox 986 4064 1126 4124; x_wconf 87' lang='lat' dir='ltr'><strong>uncertain,</strong></span> 
     </span>
     <span class='ocr_line' id='line_1_39' title="bbox 179 4132 1124 4198; baseline -0.011 -10"><span class='ocrx_word' id='word_1_274' title='bbox 179 4141 284 4190; x_wconf 83' lang='lat' dir='ltr'><strong>number</strong></span> <span class='ocrx_word' id='word_1_275' title='bbox 305 4138 371 4189; x_wconf 75' lang='lat' dir='ltr'><strong>alain</strong></span> <span class='ocrx_word' id='word_1_276' title='bbox 393 4153 447 4189; x_wconf 80' lang='lat' dir='ltr'><strong>was</strong></span> <span class='ocrx_word' id='word_1_277' title='bbox 464 4137 557 4189; x_wconf 80' lang='lat' dir='ltr'><strong>twelve</strong></span> <span class='ocrx_word' id='word_1_278' title='bbox 576 4137 640 4186; x_wconf 91' lang='lat' dir='ltr'><strong>hun·</strong></span> <span class='ocrx_word' id='word_1_279' title='bbox 665 4137 685 4184; x_wconf 89' lang='lat' dir='ltr'><strong>it</strong></span> <span class='ocrx_word' id='word_1_280' title='bbox 696 4137 771 4198; x_wconf 85' lang='lat' dir='ltr'><strong>being</strong></span> <span class='ocrx_word' id='word_1_281' title='bbox 787 4135 878 4198; x_wconf 86' lang='lat' dir='ltr'><strong>placed</strong></span> <span class='ocrx_word' id='word_1_282' title='bbox 894 4135 920 4183; x_wconf 91' lang='lat' dir='ltr'><strong>in</strong></span> <span class='ocrx_word' id='word_1_283' title='bbox 937 4133 999 4184; x_wconf 88' lang='lat' dir='ltr'><strong>each</strong></span> <span class='ocrx_word' id='word_1_284' title='bbox 1011 4147 1072 4194; x_wconf 84' lang='lat' dir='ltr'><strong>year</strong></span> <span class='ocrx_word' id='word_1_285' title='bbox 1082 4132 1124 4179; x_wconf 89' lang='lat' dir='ltr'><strong>bc·</strong></span> 
     </span>
     <span class='ocr_line' id='line_1_40' title="bbox 177 4207 898 4261; baseline -0.008 -1"><span class='ocrx_word' id='word_1_286' title='bbox 177 4209 249 4261; x_wconf 86' lang='lat' dir='ltr'><strong>dred.</strong></span> <span class='ocrx_word' id='word_1_287' title='bbox 665 4207 898 4256; x_wconf 63' lang='lat' dir='ltr'><strong>lucentes-6⁰⁵.</strong></span> 
     </span>
    </p>
   </div>
   <div class='ocr_carea' id='block_1_4' title="bbox 0 0 1459 4852">
    <p class='ocr_par' dir='ltr' id='par_1_4' title="bbox 0 0 1459 4852">
     <span class='ocr_line' id='line_1_41' title="bbox 0 0 1459 4852; baseline 0 0"><span class='ocrx_word' id='word_1_288' title='bbox 0 0 1459 4852; x_wconf 95' lang='lat' dir='ltr'><strong> </strong></span> 
     </span>
    </p>
   </div>
  </div>
 </body>
</html>
