2902 5332
334 411 401 476 266
590 428 724 478 uoenur
748 429 796 476 uu
819 427 1025 476 wunuovua

576 664 625 728 Do
632 665 840 750 paroemiam
854 665 1030 728 ummo.

173 799 283 860 unqu.
386 785 490 853 Anno
507 787 650 852 Domini
670 805 771 854 neec.
790 782 982 853 'exercitus
995 804 1210 871 paganorum
1227 805 1287 849 ne·

172 850 221 940 ἐπ’
220 847 313 940 13:¹33
335 887 558 952 landissimus
580 888 743 953 ecclesias
772 889 815 952 de
841 885 1021 952 Heroenes
1043 894 1079 951 et
1103 885 1147 949 de
1168 885 1286 968 Tyne-

323 983 457 1052 'mutha
471 987 656 1052 crudeliter
669 989 833 1070 spoliavit
847 995 883 1051 et
897 1007 976 1052 cum
989 985 1110 1070 spoliis
1122 985 1167 1049 ad
1178 1005 1287 1049 naves

336 1087 492 1151 recurrit.
532 1087 661 1151 Eodem
674 1106 766 1152 auno
782 1086 972 1164 Eadredus,
983 1087 1131 1151 antistes
1140 1083 1286 1167 Hagus·

336 1186 515 1263 tuldensis,
524 1187 609 1250 obiit
619 1186 699 1254 etin
713 1187 790 1251 loco
801 1180 1098 1270 ejus²Eadbertus
1107 1185 1286 1249 suecessit.

338 1284 418 1364 Quo
442 1286 546 1350 etiam
569 1305 673 1363 anno,
689 1280 935 1365 'Alcmundus
958 1286 1049 1348 iilius
1065 1283 1208 1349 Alcredi
1231 1303 1286 1348 re-

337 1385 404 1467 gis,
427 1404 449 1449 a
470 1387 643 1450 tutoribus
662 1385 830 1464 Eardulfi,
847 1387 940 1468 regis
962 1384 1287 1450 Northanhumbro·

337 1504 426 1562 rum,
447 1485 682 1568 apprehensus
700 1493 766 1564 est,
785 1486 930 1569 ejusque
944 1485 1102 1568 jussione
1118 1502 1197 1549 oum
1213 1484 1286 1547 suis

337 1584 495 1667 profugis
504 1584 718 1650 interfectus.
742 1577 1209 1668 Eodemtempore‚⁴deoimo
1223 1581 1286 1646 ka·

338 1683 458 1748 lendas
472 1684 497 1748 J
500 1685 647 1762 aunarii,
664 1692 789 1749 ventus
806 1686 931 1768 ingens
953 1685 998 1748 ab
1008 1682 1127 1748 Africa
1142 1683 1286 1747 veniens

338 1802 403 1848 suo
417 1783 504 1847 flatu
523 1783 664 1848 horrido
679 1785 782 1849 urbes
801 1784 968 1849 radicitus
985 1783 1124 1861 evulsit,
1139 1790 1175 1847 et
1190 1801 1286 1846 mere

315 1883 432 1948 ultra
461 1884 627 1948 terminos
657 1903 740 1948 suos
769 1885 916 1967 exigens
945 1884 1091 1946 multam
1122 1902 1286 1966 pecorum

337 1990 491 2065 stragem
505 1983 542 2046 in
557 1982 643 2046 loeis
660 1983 807 2047 diversis
824 1982 917 2048 fecit.
963 1982 1093 2047 Eodem
1113 2001 1205 2046 anno
1222 2001 1285 2045 rex

340 2082 553 2146 Francorum
569 2081 729 2160 Carolus,
745 2083 800 2147 vir
812 2083 950 2148 eximite
969 2083 1122 2161 virtutis,
1138 2101 1217 2146 oum
1234 2081 1289 2145 in-

338 2200 482 2246 numera
509 2189 722 2245 armatorum
751 2183 852 2265 copia
878 2182 1084 2247 Romuleam
1109 2182 1288 2263 ingressus

338 2282 470 2359 urbem,
481 2282 559 2345 loca
569 2289 692 2345 sancta
703 2280 875 2364 frequenti
883 2282 1083 2347 visitatione
1097 2281 1266 2365 percurrit
1277 2301 1287 2361 ;

338 2381 454 2464 ibique
476 2399 695 2463 permenses
717 2381 850 2463 aliquot
872 2381 1084 2458 demoratus,
1107 2380 1287 2444 ecclesiam

338 2481 432 2545 beati
454 2479 552 2545 Petri
576 2486 612 2544 et
634 2479 737 2544 Pauli
768 2480 1006 2564 apostolorum
1028 2479 1158 2544 Christi
1184 2479 1286 2544 donis

274 2581 279 2592 '
338 2580 514 2664 regalibus
530 2581 727 2655 exornavit,
744 2580 780 2644 in
798 2599 883 2645 auro
899 2580 1060 2645 videlicet
1083 2586 1118 2644 et
1140 2587 1287 2662 argento

338 2687 374 2746 et
388 2680 562 2763 lapidibus
577 2680 758 2763 pretiosis3
775 2680 926 2745 Leonem
940 2698 1079 2764 quoque
1089 2699 1216 2764 papam
1226 2699 1288 2744 ve·

338 2780 524 2844 nerabilem
545 2779 651 2844 variis
672 2779 915 2845 munificentiis
936 2779 1122 2845 honoravit
1143 2779 1288 2863 ejusque

338 2880 547 2945 adversariis
562 2879 739 2963 dispersis,
755 2881 923 2963 quosdam
941 2878 1115 2944 interfecit
1131 2887 1167 2944 et
1183 2898 1287 2962 quos-

338 2979 417 3044 dam
443 2980 480 3044 in
502 2978 643 3042 exilium
667 2977 847 3061 relegavit,
869 2979 1054 3044 nonnullos
1072 2979 1177 3043 etiam
1199 2979 1286 3062 pati·

338 3079 420 3143 bulo
438 3078 599 3162 suspendi
616 3079 790 3162 praecepit.

372 3358 527 3410 ¹Eoeereitru
536 3361 706 3424 paganorum]
723 3361 801 3410 Wen·
825 3362 894 3425 ham,
914 3363 1050 3426 aooorrling
1066 3367 1093 3412 to
1110 3363 1220 3426 Simeon,
1237 3363 1288 3414 aud

337 3431 415 3481 (lover
425 3445 534 3493 appears
550 3436 576 3479 to
591 3432 622 3479 he
633 3431 675 3479 the
687 3431 746 3493 only
757 3447 801 3480 ex·
825 3432 884 3482 died
896 3434 991 3484 insto.
1026 3434 1086 3484 θαι.
1098 3433 1233 3485 Chremad
1245 3449 1287 3484 eu.

337 3505 392 3550 taut
402 3500 530 3561 authority
542 3501 580 3549 lor
587 3500 629 3549 the
640 3500 768 3550 incursiou
775 3500 804 3550 of
859 3531 871 3564 3
880 3533 1050 3598 Ammd
1067 3536 1228 3586 summm
1236 3537 1287 3586 nd

337 3569 694 3703 Ξὲἀῗᾶῗῃέῃῗζθῗξωιὲ
714 3571 801 3652 Eum'
825 3604 936 3664 Simeou,
948 3604 1015 3668 who,
1031 3606 1157 3668 however,
1173 3606 1288 3656 modifiee

643 3655 676 3700 ΡΟ
687 3645 764 3689 ¹⁸t¹⁰¹¹
775 3640 805 3689 οἱ
826 3674 866 3723 hie
885 3676 1008 3724 assertiou
1025 3676 1054 3724 ol
1067 3675 1109 3725 the
1128 3676 1179 3725 laet
1196 3677 1230 3737 hy
1246 3676 1289 3727 the

338 3710 381 3760 Μ
393 3709 489 3759 ⁰h¹¹¹⁰h
500 3710 529 3758 οἰ
537 3709 692 3792 nmmum
702 3725 731 3759 ⁰¹
741 3710 800 3759 'rin'
825 3744 945 3793 insertion
955 3745 985 3793 οἰ
993 3746 1037 3793 ‘nt
1047 3745 1136 3794 dieunt
1146 3746 1249 3807 quidem
1259 3741 1267 3761 ‘

338 3780 435 3841 mouth,
447 3780 493 3827 but
508 3779 594 3842 places
606 3784 626 3827 rt
639 3795 665 3828 m
681 3781 723 3829 the
740 3795 802 3842 year
1253 3781 1259 3796 '

272 3875 278 3886 ·
338 3853 397 3900 aad.
860 3842 1288 3915 ⁴Derimo,]‘nono,’simeou,from

826 3919 909 3967 whom
918 3918 960 3966 the
969 3923 1082 3968 contente
1089 3918 1118 3968 of
1125 3918 1176 3967 thie
1185 3918 1291 3979 chapter

372 3985 554 4053 'Eaqu
579 3989 622 4038 lle
641 4003 696 4038 was
714 4003 801 4038 eonse-
826 3989 890 4037 have
902 3989 965 4036 been
980 3988 1066 4039 taken.
1102 3988 1226 4050 Compare
1239 3988 1291 4037 Ba·

338 4061 425 4111 orated
436 4065 463 4109 et
474 4060 637 4122 Ethmgm,
647 4075 676 4109 or
687 4060 801 4122 Cetting·
826 4058 922 4122 rouius,
932 4058 965 4107 ad
977 4073 1019 4108 en.
