2902 5332
426 867 565 932 neonus
588 885 858 935 ursronmnuu.
1053 872 1119 937 139

167 1041 301 1105 duobus
327 1061 372 1106 ex
391 1042 456 1108 hoc
472 1044 589 1108 seculo
613 1045 790 1127 migravit,
812 1054 849 1111 et
871 1045 1033 1128 regnavit
1055 1066 1118 1129 pro

167 1160 208 1206 eo
223 1134 424 1208 ¹Kinewalc
439 1144 532 1208 filius
546 1144 622 1229 ejus
638 1145 782 1228 triginta
797 1154 833 1210 et
849 1166 918 1211 uno
934 1146 1046 1211 annis.

388 1318 439 1383 De
452 1319 615 1387 sanctitate
632 1320 771 1385 Oewctde‘
785 1321 874 1406 repis.

218 1437 324 1506 Anno
345 1443 468 1525 gratiae
490 1460 640 1508 nexum.
658 1453 800 1509 sanctus
824 1444 1021 1523 Oswaldus,
1040 1465 1118 1509 cum
1131 1468 1241 1509 anot.

169 1559 287 1606 omnes
299 1542 493 1606 Britannice
507 1551 642 1626 gentes,
651 1543 787 1626 Anglos
797 1545 969 1623 videlicet,
984 1546 1120 1624 Scotos,
1131 1522 1152 1561 ⁸'
1162 1518 1254 1560 ⁰¹⁸⁰*

170 1638 289 1705 Pictos
313 1650 350 1708 et
366 1643 567 1721 Britannos,
582 1645 619 1708 in
640 1663 705 1709 sua
726 1652 900 1727 potestate
921 1647 1119 1728 recepisset,

169 1758 306 1824 semper
333 1752 450 1808 tamen
488 1742 716 1808 bumilitatem
752 1747 917 1822 servavit,
949 1746 1120 1826 benignus

169 1841 360 1924 peregrinis
382 1862 566 1927 apparens,
587 1845 798 1927 pauperibus
820 1853 931 1928 pater,
954 1845 1120 1910 divitibus

169 1942 344 2018 terribilis,
359 1944 559 2026 aequitatem
575 1945 765 2009 observans
780 1947 815 2009 in
830 1946 1000 2010 omnibus.
1034 1939 1120 2009 ²Hic

171 2060 249 2105 cum
266 2042 321 2108 die
337 2050 459 2108 sancto
472 2043 618 2108 Paschae
636 2045 679 2108 ad
696 2044 879 2128 prandium
893 2065 971 2109 cum
981 2044 1120 2109 Aidano

172 2141 306 2208 sederet
327 2143 503 2227 episcopo,
517 2145 682 2227 discoque
704 2155 869 2227 argenteo
892 2166 970 2210 cum
993 2145 1120 2228 regali·

173 2241 237 2305 bus
254 2243 365 2326 epulis
382 2245 554 2327 apposito,
566 2245 642 2329 jam
669 2253 786 2309 essent
808 2266 930 2310 manus
953 2245 998 2308 ad
1020 2246 1121 2328 panis

172 2342 449 2435 benedictionem
466 2345 635 2421 missurce,
650 2345 793 2411 intravit
817 2347 931 2410 subito
951 2346 1121 2421 minister,

172 2443 229 2507 cui
253 2443 549 2527 suscipiendorum
577 2446 717 2528 inopum
740 2453 815 2510 erat
838 2466 922 2510 cura
949 2446 1121 2527 delegata,

173 2550 208 2606 et
223 2542 390 2608 indicavit
411 2546 484 2626 regi
500 2545 582 2628 quia
596 2545 782 2610 multitudo
801 2565 991 2630 pauperum
1016 2545 1121 2610 adve-

173 2643 270 2707 niens
296 2644 534 2727 undecumque
562 2665 624 2728 per
648 2647 784 2728 plateas
816 2647 962 2723 sederet,
991 2665 1013 2710 a
1039 2665 1121 2728 rege

173 2744 355 2825 postulans
389 2744 519 2828 aliquid
558 2745 785 2829 eleemosynae
825 2747 891 2810 sibi
927 2746 1025 2825 dari3
1062 2746 1122 2828 qui

173 2863 254 2907 mox
271 2843 379 2927 dapes
395 2845 462 2908 sibi
487 2847 665 2928 appositas
688 2847 737 2910 eis
760 2846 897 2924 deferri,
914 2855 949 2910 et
965 2847 1121 2929 patinam

172 2944 330 3009 minutim
346 2945 515 3027 confringi
532 2952 569 3010 et
588 2946 638 3010 eis
658 2945 817 3010 distribui
841 2946 1027 3029 praecepit3
1051 2965 1121 3028 quo

174 3043 266 3108 iacto
296 3044 436 3127 pietatis
465 3045 570 3128 regite
593 3044 752 3110 Aidanus
778 3045 971 3110 delectatus
998 3066 1122 3129 appre-

174 3143 295 3209 hendit
311 3143 470 3208 dextram
487 3144 576 3229 ejus,
590 3153 626 3210 et
642 3147 704 3223 ait,
717 3151 727 3180 ‘
740 3145 928 3229 Nunquam
950 3146 1025 3209 baec
1048 3165 1121 3209 ma·

173 3263 240 3308 nus
262 3251 441 3327 putrescat
454 3246 475 3324 3'
507 3246 599 3328 quod
627 3247 677 3310 ita
699 3247 825 3323 evenit,
859 3265 939 3309 nam
973 3265 1052 3309 cum
1084 3246 1119 3309 in

173 3363 303 3427 pugna,
328 3345 364 3408 in
385 3364 457 3427 qua
478 3346 613 3410 occisus
633 3353 698 3422 est,
713 3365 836 3409 manus
859 3345 920 3409 illa
941 3365 1019 3410 cum
1042 3346 1121 3409 bra·

174 3443 251 3509 chio
277 3445 534 3527 praecideretur,
564 3446 712 3528 contigit
739 3446 907 3510 hactenus
941 3454 981 3509 ut
1010 3446 1122 3509 incor-

173 3549 276 3627 rupta
290 3554 504 3628 permaneat,
520 3553 556 3610 et
571 3547 606 3609 in
624 3547 708 3610 urbe
725 3547 834 3628 regia,
852 3540 947 3629 ³qnae
965 3546 1122 3627 Burgum

173 3645 380 3728 appellatur,
395 3645 509 3710 loculo
525 3646 660 3710 inclusa
672 3654 837 3729 argenteo
853 3655 889 3710 et
905 3645 1073 3710 deaurato
1086 3647 1121 3709 in

173 3746 319 3810 ecclesia
343 3747 436 3810 beati
459 3745 556 3810 Petri
573 3765 695 3810 manns
718 3767 796 3811 cum
818 3746 960 3811 brachio
982 3766 1121 3810 serven·

174 3853 241 3923 tur,
256 3853 291 3910 et
309 3866 332 3910 a
347 3845 476 3929 populo
499 3845 623 3911 devote
637 3854 854 3911 venerentur.
901 3846 988 3910 Erat
1005 3855 1121 3910 autem

173 3966 280 4030 nepos
305 3947 462 4011 Eadwini
492 3948 583 4028 regis
610 3968 655 4011 ex
678 3966 795 4011 sorore
822 3940 972 4023 ⁴Accba,
996 3946 1121 4028 dignus

209 4137 377 4203 'Kirewatcd
403 4139 453 4189 His
471 4140 548 4189 death
566 4139 635 4189 how·
694 4136 779 4195 ⁸Quoe
788 4137 1122 4200 Burgum.]‘Bebban'hns

172 4224 232 4259 ever
261 4210 284 4258 is
310 4210 401 4271 placed
428 4211 463 4272 by
484 4210 635 4267 Wendover,
660 4208 722 4257 been
745 4209 804 4257 here
821 4208 924 4256 omitted
942 4207 1026 4256 before
1044 4209 1122 4257 ‘bur-

172 4281 221 4329 nud
242 4281 276 4341 by
292 4280 335 4330 the
351 4281 436 4329 Saxon
450 4279 593 4342 Chronicle,
609 4282 635 4328 in
660 4279 738 4341 gum,’
755 4280 824 4327 since
844 4277 1077 4339 Bebbanburgum,
1093 4294 1122 4328 or

173 4354 231 4413 ere,
241 4350 327 4400 where
344 4351 365 4399 it
383 4350 406 4399 is
422 4351 477 4399 also
488 4350 570 4399 stated
581 4351 636 4399 thet
660 4348 847 4412 Barnborough‚
864 4349 888 4398 is
901 4348 943 4397 the
954 4350 961 4376 ‘
971 4349 1032 4397 urbs
1042 4349 1123 4412 regia'

173 4421 204 4471 be
215 4420 319 4482 reigned
330 4420 468 4480 thirty-oue
479 4435 561 4480 years.
578 4421 635 4469 Flo-
659 4419 788 4470 intended.

172 4506 246 4541 renea
264 4491 319 4540 also
338 4505 397 4552 says
415 4491 470 4540 that
486 4490 517 4539 he
534 4491 594 4540 died
608 4491 635 4539 in

172 4563 227 4611 that
238 4576 307 4624 year,
318 4562 365 4609 but
382 4561 445 4610 calls
461 4562 480 4608 it
495 4576 562 4610 more
579 4575 633 4610 cor·
694 4554 818 4621 ⁴Accbe‚]
834 4573 863 4607 or
882 4558 959 4620 Laba,
975 4558 1000 4604 in
1018 4556 1060 4606 the
1077 4555 1121 4605 tite

174 4633 250 4693 rectly
263 4632 305 4680 the
316 4630 428 4680 thirtieth
439 4631 469 4680 ot'
476 4631 516 4680 his
527 4633 606 4693 reign.
658 4627 687 4675 ot
704 4627 810 4676 Oswuld
831 4629 863 4690 by
876 4628 980 4690 Drogo;
999 4628 1058 4677 Act.
1075 4627 1121 4677 SS.

208 4698 219 4731 ²
230 4702 282 4750 Hic
293 4716 345 4750 cnm
356 4701 418 4763 dic]
436 4700 517 4763 Beda,
528 4703 541 4764 §t
554 4706 609 4752 166.
658 4697 726 4758 Aug.
739 4698 766 4748 ii.
778 4713 804 4760 p.
816 4702 857 4748 98.
