2888 4852
187 1122 241 1162 AD.
250 1119 294 1161 ⁴77.

337 382 382 447 38
593 395 727 444 nonnul
751 395 798 442 on
822 393 1029 442 wnuoovnn

340 556 480 621 meavit.
532 551 645 628 Tunc,
671 522 847 634 adquisito
875 557 997 614 sancto
1023 548 1185 631 Remigio
1217 548 1290 631 epi·

341 675 460 738 scopo,
474 653 671 735 baptizatus
689 658 742 715 est
760 670 836 715 eum
855 651 948 715 omni
962 657 1068 733 gente
1083 668 1159 713 sua.

343 877 427 941 Zeno
441 876 631 961 imperatam
647 873 720 938 Eia
727 873 854 958 primam
870 893 924 936 rec
937 870 1293 936 eucratiumsaaonon

550 997 586 1039 cc
599 973 715 1058 Anulis
728 973 811 1037 venit
824 972 859 1036 in
873 971 1087 1036 Britannicae.

397 1099 502 1164 Anno
530 1099 654 1182 gratiae
682 1113 917 1162 ecccoxxvu.
945 1090 1072 1174 ¹Zeno,
1096 1096 1293 1161 Romanum
1402 1179 1406 1185 1

348 1199 541 1283 suscipiens
555 1199 749 1282 imperium,
759 1197 859 1261 annis
873 1195 1106 1281 septendecim
1121 1195 1292 1281 regnavit.

188 1315 322 1358 numm
350 1299 481 1363 Eodem
505 1318 598 1363 anno
611 1292 709 1362 ’Elia
722 1297 795 1361 dux
813 1304 848 1361 et
867 1303 938 1360 tres
959 1296 1021 1360 filii
1044 1297 1133 1381 ejus,
1147 1292 1293 1381 Cymen,

187 1370 210 1408 tn
221 1366 311 1409 Britain.

197 3369 253 3410 AD.
262 3369 307 3408 479.

198 3419 274 3458 Dincov
320 3417 343 3457 oi

351 1398 528 1483 Plenting,
551 1406 586 1463 et
610 1396 723 1476 Cissa,
745 1397 782 1461 iu
811 1396 1026 1460 Britanniam
1046 1390 1237 1473 venientes,
1258 1394 1295 1458 in

350 1499 439 1576 loco,
456 1498 517 1581 qui
536 1505 659 1580 postea
672 1516 694 1560 a
712 1495 876 1580 Cymene,
894 1493 1164 1580 Cymenshoara,
1178 1495 1214 1559 id
1230 1501 1297 1572 est,

350 1605 472 1681 portus
495 1596 671 1681 Cymenis,
691 1596 880 1674 dicebatur,
906 1596 1171 1679 applicuerunt,
1197 1613 1297 1678 egre-

350 1697 524 1762 dientibus
550 1705 666 1763 autem
688 1697 758 1760 illis
777 1696 959 1760 innumera
986 1696 1170 1760 Britonum
1194 1695 1298 1758 turba

351 1797 592 1874 convolarunt,
609 1806 645 1861 et
666 1796 794 1860 bellum
806 1795 901 1860 illico
916 1794 1080 1859 inierunt.
1132 1794 1199 1857 Sed
1218 1793 1298 1858 Bri·

352 1904 451 1961 tones
478 1916 637 1980 campum
660 1895 868 1974 deserentes,
885 1893 929 1960 ad
946 1894 1142 1979 proximum
1165 1913 1299 1971 nomae,

352 1995 444 2081 quod
454 1990 751 2060 ³Andreduswode
768 1994 958 2072 dicebatur,
969 1994 1081 2076 fugati
1092 2001 1185 2058 sunt.
1209 1992 1299 2057 Sax-

353 2114 437 2160 ones
455 2114 535 2159 vero
557 2095 676 2159 littora
691 2094 795 2158 maris
821 2095 857 2158 in
878 2093 1067 2159 Suthsexia
1081 2099 1303 2178 occupantes,

352 2193 465 2275 magis
481 2194 661 2278 magisque
678 2195 743 2258 sibi
762 2193 914 2275 regionis
930 2192 1025 2257 illius
1044 2191 1160 2275 spatia
1180 2191 1301 2276 subju-

353 2301 493 2376 gerunt.

641 2492 728 2555 Nota
743 2491 854 2556 nantes
860 2492 1018 2577 motem.

406 2615 510 2680 Anno
536 2615 660 2698 gratiae
690 2632 939 2680 eccenxxvru.
972 2615 1093 2679 Zenon
1118 2614 1307 2697 imperator

213 2763 239 2792 ω
270 2761 313 2791 m.
358 2715 510 2779 Leonem
533 2715 642 2780 filium
671 2735 771 2778 suum
790 2715 982 2780 interficere
1005 2734 1176 2797 quaerens,
1193 2721 1306 2779 mater

208 2812 260 2842 ⁰¹⁰¹·
357 2814 434 2899 ejus
456 2835 520 2899 pro
537 2835 580 2880 eo
596 2815 703 2879 alium
728 2816 760 2878 ei
781 2815 926 2879 similem
941 2815 1080 2891 obtulit,
1098 2815 1157 2897 qui
1183 2821 1306 2897 postea

357 2915 393 2978 in
410 2914 575 2980 clericatu
598 2934 709 2997 usque
731 2913 775 2978 ad
791 2913 983 2978 Justiniani
1005 2922 1161 2997 tempora
1181 2913 1307 2997 perdu-

355 3014 457 3078 ravit.

492 3192 498 3209 λ’
512 3219 630 3304 Corpus
643 3216 800 3282 Barnodae
814 3218 943 3303 apostoli
957 3227 1108 3303 repertum
1122 3227 1173 3284 cst.

410 3341 516 3406 Anno
554 3342 677 3424 gratiae
715 3359 939 3407 ccccuxxlx.
975 3362 1101 3426 eorpus
1137 3343 1310 3407 Barnabae

197 3428 329 3516 tueuffif
362 3441 526 3523 apostoli,
542 3450 578 3505 et
599 3442 818 3525 evangelium
845 3442 1006 3507 Matthaei
1025 3443 1102 3526 ejus
1117 3442 1210 3527 stylo
1228 3462 1310 3506 con·

199 3521 219 3558 Β.
226 3519 332 3559 Burnum

333 3545 339 3558 ‘
361 3541 542 3623 scriptum,
558 3542 635 3624 ipso
650 3542 838 3619 revelante,
854 3550 1027 3625 repertum
1043 3550 1108 3608 est.

395 3927 404 3960 ¹
426 3931 524 3995 Zeno]
550 3930 592 3981 He
620 3932 680 3981 died
708 3936 724 3981 9
751 3931 825 3995 April
849 3937 931 3981 tween
953 3929 1069 3980 Arundel
1091 3929 1141 3979 aod
1164 3929 1311 3983 Shcreham.

361 4004 419 4050 491.
849 4002 897 4050 See
910 4000 1008 4050 Corte's
1018 4001 1089 4049 Hist.
1100 4017 1126 4063 p.
1139 4004 1196 4052 1⁰8.

398 4067 474 4119 ’utu
485 4071 559 4134 dum]
578 4070 621 4119 He
632 4071 725 4119 lauded
745 4071 824 4121 acci·
884 4063 1138 4137 'Andreduswode.]
1165 4070 1311 4121 Andredos·

360 4139 500 4203 menshore,
526 4155 587 4192 near
615 4141 759 4203 Wittering,
783 4142 825 4190 be·
848 4141 929 4203 lenge.
966 4140 1133 4191 Samchron.
