2888 4852
415 434 554 482 ruonns
577 433 847 483 ursronrnuun.
1038 418 1104 483 291

153 609 258 676 quam
278 591 488 675 reciperetur
510 592 547 656 in
564 611 720 672 regnum.
772 591 889 656 Causa
913 599 1029 656 autem
1053 591 1105 655 bi-

152 691 242 755 faria
266 700 352 769 erat,
376 711 458 769 una,
476 691 566 774 quod
591 691 699 755 filium
718 691 891 774 juniorem
909 689 1103 769 Alfredum,

154 791 254 873 quasi
269 791 346 854 aliis
361 811 381 855 a
396 798 490 855 sorte
504 791 602 872 regni
618 791 780 868 exclusis,
794 791 831 854 in
846 811 962 872 regem
978 791 1102 855 Romae

154 889 283 955 iecerat
298 891 475 969 coronari;
499 891 580 967 alia,
596 890 688 973 quod
710 891 835 972 spretis
852 892 1010 955 omnibus
1025 888 1101 954 An·

154 990 234 1072 gliae
259 989 471 1067 mulieribus,
491 989 598 1053 filiam
623 991 715 1071 regis
742 990 953 1054 Francorum
979 990 1101 1053 alieni-

154 1108 279 1170 genam
295 1090 361 1153 sibi
375 1110 436 1172 per
450 1089 650 1173 conjugium
666 1089 852 1171 copulavit.
904 1087 1101 1153 Audierunt
1113 1109 1249 1152 nummus

155 1197 324 1272 praeterea
338 1190 575 1274 conjuratores
591 1189 760 1271 praedicti,
772 1190 876 1271 quod,
892 1197 1014 1253 contra
1027 1209 1100 1253 mo·
1111 1164 1134 1200 't
1143 1161 1212 1202 hm*

155 1307 227 1351 rem
251 1295 286 1352 et
307 1295 442 1353 statuta
463 1308 582 1369 regum
595 1288 897 1365 West-saxouum,
912 1289 933 1352 J
938 1289 1101 1352 udetbam

157 1388 370 1452 Francorum
386 1388 478 1470 regis
496 1388 613 1464 liliam,
627 1408 730 1471 quam
743 1408 854 1470 nuper
870 1389 1102 1471 desponsave-

154 1495 221 1565 rat,
249 1490 404 1570 reginam
429 1488 628 1569 appellabat
659 1489 757 1552 etin
783 1507 902 1551 mensa
932 1488 975 1551 ad
1009 1489 1102 1551 latus

156 1606 256 1651 suum
278 1588 455 1652 convivari
473 1587 643 1666 faciebat3
670 1581 771 1669 ¹gens
794 1607 877 1651 vero
900 1586 1101 1652 west-sax·

156 1707 260 1751 onum
272 1708 341 1753 non
357 1688 528 1769 permittit
544 1688 697 1768 reginam
709 1687 817 1770 juxta
833 1707 948 1768 regem
972 1685 1103 1763 sedere,

156 1806 219 1851 nec
244 1789 348 1851 etiam
374 1787 558 1868 Reginam,
585 1786 644 1850 sed
670 1787 762 1868 regis
787 1788 970 1871 conjugem
993 1787 1104 1850 nomi·

157 1887 243 1951 uari.
296 1886 386 1951 Haec
417 1894 533 1951 autem
561 1886 703 1950 infamia
728 1887 772 1949 ab
803 1886 991 1966 Eadburga
1016 1885 1104 1948 Offae

157 1987 249 2069 regis
278 1987 361 2064 filia,
381 1986 535 2069 ejusdem
564 1986 700 2066 generis
729 1986 860 2067 regina,
888 1993 1012 2049 exorta
1039 1991 1105 2062 est,

158 2106 236 2169 quae
256 2087 364 2151 virum
383 2106 484 2149 suum
510 2086 717 2149 Brithricum
741 2105 856 2166 regem
871 2104 1005 2148 veneno
1027 2103 1105 2166 per·

160 2186 259 2263 didit,
275 2194 310 2249 et
319 2187 427 2270 juxta
441 2205 557 2267 regem
572 2184 707 2261 sedens,
725 2204 844 2249 omnes
860 2185 959 2266 regni
974 2184 1106 2247 nobiles

159 2305 323 2350 accusare
346 2285 492 2362 solebat,
520 2292 556 2349 et
580 2304 667 2367 qnos
694 2303 857 2348 accusare
885 2304 954 2347 non
979 2283 1106 2367 potuit,

160 2393 245 2468 potu
279 2405 339 2449 eos
371 2385 569 2449 venenifero
606 2403 728 2447 necare
756 2384 957 2462 consuevit;
987 2384 1106 2466 itaque

159 2505 222 2569 pro
238 2486 368 2567 reginae
383 2485 563 2562 maleficio,
580 2484 670 2547 sicut
687 2484 844 2566 superius
860 2484 995 2566 prolixe
1016 2489 1108 2546 trao-

160 2592 272 2649 tatum
298 2594 363 2662 est,
379 2605 498 2649 omnes
522 2583 801 2667 conjuraverant,
819 2583 911 2666 quod
930 2601 1107 2666 nunquam

160 2704 277 2766 regem
292 2704 396 2767 super
410 2704 448 2747 se
460 2702 606 2764 regnare
625 2683 875 2765 permitterent,
892 2682 1003 2765 quiin
1018 2700 1108 2763 prae·
1192 2690 1196 2695 ’

159 2784 261 2849 dictis
299 2783 480 2866 culpabilis
509 2783 732 2846 inveniretur.
784 2782 996 2847 Revertente
1029 2787 1279 2844 tan-samm>

161 2884 240 2946 dem
261 2903 283 2946 a
303 2883 418 2947 Roma
434 2880 634 2959 Athclwlfo,
648 2899 730 2963 rege
747 2881 904 2963 pacifico,
921 2880 1108 2962 praedictus

163 2983 252 3046 tilius
281 2983 356 3066 ejus
385 2980 627 3059 AthelbalduS,
657 3000 735 3044 cum
766 2981 839 3043 suis
872 2978 1108 3062 complicibus,

163 3090 363 3164 conceptam
388 3081 577 3163 nequitiam
602 3080 645 3143 ad
666 3079 824 3144 effectum
847 3079 1033 3163 perducere
1055 3087 1109 3142 at·

162 3182 331 3260 tentavit;
355 3182 416 3245 sed
434 3182 531 3245 Deus
551 3180 767 3261 omnipotens
789 3179 825 3244 id
844 3179 919 3242 fieri
940 3198 1009 3242 non
1031 3168 1109 3261 per-

163 3283 269 3358 misit,
285 3301 364 3344 nam
382 3302 425 3344 ne
446 3280 535 3343 forte
549 3279 734 3362 plusquam
751 3279 852 3342 civile
875 3278 1003 3342 bellum
1019 3277 1110 3342 iuter

163 3389 296 3464 patrem
328 3388 364 3445 et
397 3381 505 3443 tilium
532 3378 800 3456 convalesceret,
827 3377 990 3442 ineffabili
1017 3378 1109 3460 regis

163 3481 346 3545 clementia
371 3479 522 3545 omnium
549 3477 759 3562 conspiratio
783 3478 949 3542 nobilium
975 3485 1010 3542 et
1037 3478 1110 3561 epi-

164 3600 345 3664 scoporum
369 3580 531 3656 cessavit,
554 3578 738 3642 dividentis
754 3597 833 3642 eum
848 3577 920 3642 filio
946 3596 1010 3641 suo
1033 3597 1110 3659 reg-

164 3701 246 3744 num
263 3680 567 3755 west-saxonum,
581 3686 685 3741 autea
698 3677 897 3755 indivisum,
913 3678 964 3741 ita
976 3684 1016 3741 ut
1030 3694 1112 3759 pars

165 3780 262 3862 regni
289 3779 464 3843 orientalis
486 3778 521 3841 iu
544 3786 672 3842 sortem
699 3777 761 3840 filii
786 3777 934 3855 cederet,
959 3784 994 3840 et
1020 3775 1112 3840 occi-

163 3879 311 3944 dentalis
328 3880 418 3962 patri
441 3885 644 3941 remaneret.
697 3876 744 3940 Et
759 3896 836 3940 cum
851 3885 927 3941 tota
940 3876 1038 3957 regni
1052 3894 1114 3938 no-

164 3979 281 4044 bilitas
298 3998 360 4062 pro
379 3997 459 4060 rege
480 3977 697 4041 decertarent
713 3983 749 4041 et
766 3975 874 4039 tilium
888 3976 1000 4060 ajuro
1016 3973 1114 4056 regni

200 4185 291 4238 ¹Gena
307 4203 363 4237 cero
384 4185 601 4247 Wertmonem]
623 4187 747 4247 Compare
767 4185 856 4246 Aeser,
873 4182 905 4232 de
925 4183 1013 4232 Rebus
1030 4180 1119 4255 Gestis

165 4258 290 4321 Aellredi,
301 4273 327 4318 p.
340 4261 381 4306 10.
948 4334 964 4369 u
981 4325 998 4369 2
