2888 4852
326 380 371 444 90
580 396 714 445 ausum
739 397 786 442 un
810 395 1016 479 wunnovsn

326 550 493 616 ferebant.
531 550 630 616 Tunc
647 550 921 635 archipraesules,
939 542 1121 616 ¹Tbeonus
1138 550 1278 615 Londo-

326 651 455 716 niensis
478 658 514 716 et
540 651 759 718 Thadioceus
784 651 1025 729 Eboraceusis,
1052 671 1130 715 cum
1156 669 1277 715 omnes

327 752 491 817 ecclesias
516 752 582 816 sibi
607 752 764 817 subditas
787 751 863 817 solo
888 759 989 817 tenus
1005 752 1200 816 destnrctas
1223 751 1277 815 vi-

327 850 470 931 dissent,
487 872 565 917 cum
579 852 736 936 pluribus
750 852 930 929 ordinatis,
946 852 1005 936 qui
1028 853 1064 916 in
1090 859 1190 916 tanto
1204 850 1276 915 dis-

326 952 469 1018 crimine
483 953 737 1036 superfuerant,
755 972 832 1017 cum
847 951 1002 1035 reliquiis
1016 960 1217 1017 sanctorum
1239 952 1276 1016 in

327 1051 523 1117 Cambriam
549 1053 769 1136 diffugerunt,
794 1052 955 1117 timentes
980 1072 1024 1117 ne
1051 1053 1275 1117 barbarorum

326 1153 516 1236 irruptione
540 1161 592 1218 tot
615 1162 649 1219 et
666 1161 841 1233 tantorum
855 1170 956 1219 sacra
978 1171 1060 1217 ossa
1073 1161 1230 1218 veterum
1253 1171 1275 1216 a

326 1255 499 1318 memoriis
515 1253 690 1318 hominum
706 1254 914 1330 delerentur,
928 1254 959 1318 si
983 1253 1060 1337 ipsa
1080 1252 1272 1317 imminenti

325 1354 478 1435 periculo
511 1355 649 1418 minime
679 1353 947 1418 subtraxissent.
998 1352 1124 1419 Plures
1154 1351 1273 1430 etiam,

326 1450 588 1517 Armoricanam
619 1454 837 1518 Britanniam
867 1460 1038 1536 petentes,
1079 1461 1187 1519 totam
1215 1472 1273 1517 ec·

325 1553 466 1617 clesiam
483 1554 628 1618 duarum
647 1554 915 1637 provinciarum,
926 1547 1103 1636 ²Loegriae
1115 1553 1275 1618 videlicet

325 1660 361 1717 et
377 1651 413 1718 N
414 1654 719 1732 orthanhumhriae,
731 1673 752 1719 a
762 1654 988 1719 conventibus
1005 1655 1078 1718 suis
1093 1653 1272 1720 viduatam

325 1753 489 1818 deserunt
513 1762 549 1819 et
569 1756 730 1834 inanem;
754 1752 960 1838 quibusdam
977 1773 1060 1818 vero
1074 1762 1272 1819 sauctorum

324 1855 538 1937 corporibus,
552 1875 630 1939 quae
647 1855 682 1918 in
696 1855 883 1938 sepulturis
896 1853 1063 1938 jacebant
1077 1862 1274 1920 reverenter

324 1954 511 2032 occultata,
533 1955 688 2019 cumulos
710 1962 812 2020 terrae
836 1962 1142 2037 superposuerunt,
1162 1973 1206 2018 ne
1227 1955 1272 2019 ab

323 2053 519 2118 infidelibus
545 2055 723 2139 despectui
753 2055 973 2119 haberentur.
1038 2055 1149 2120 Erant
1181 2055 1271 2119 enim

323 2152 519 2235 Anglorum
541 2156 616 2220 sive
643 2156 822 2220 Saxonum
848 2174 948 2238 reges
975 2156 1080 2219 armis
1104 2155 1272 2219 strenuis·

323 2254 413 2332 simi,
439 2255 567 2338 pagani
592 2256 810 2333 atrocissimi,
833 2256 892 2338 qui
916 2254 1002 2319 nihil
1027 2256 1143 2339 potius
1167 2274 1271 2336 quam

324 2352 500 2418 Christum
516 2363 551 2421 et
566 2355 841 2421 Christianorum
855 2355 986 2420 cultum
1002 2357 1203 2420 subvertere
1225 2356 1273 2419 si·

324 2453 478 2534 tiebant3
511 2475 591 2521 nam
615 2457 646 2520 si
674 2474 744 2540 qua
774 2456 931 2532 ecclesia,
951 2462 1044 2520 terra
1072 2455 1273 2539 subjugata,

323 2553 435 2619 illaesa
449 2557 665 2634 servabatur,
681 2556 746 2622 hoc
763 2557 875 2638 magis
895 2555 938 2619 ad
953 2555 1189 2620 confusionem
1211 2576 1274 2620 no-

323 2655 425 2718 minis
441 2655 570 2721 Christi
590 2675 694 2739 quam
709 2656 753 2720 ad
769 2656 915 2738 gloriam
929 2654 1123 2736 faciebant3
1148 2675 1272 2740 nempe

325 2774 370 2818 ex
386 2755 436 2818 eis
452 2754 595 2820 deorum
616 2776 755 2821 suorum
774 2756 903 2838 templa
920 2755 1097 2833 facientes,
1116 2756 1273 2840 profanis

324 2855 398 2919 suis
430 2856 609 2921 sacrificiis
644 2864 767 2922 sancta
802 2857 869 2921 Dei
903 2855 1028 2920 altaria
1062 2855 1273 2940 polluerunt.

326 2954 451 3038 Itaque
469 2956 630 3022 Britanni
643 2957 743 3039 regni
756 2957 914 3022 diadema
926 2956 1045 3020 multis
1060 2957 1273 3039 temporibus

323 3056 534 3134 amittentes,
552 3057 712 3122 videlicet
729 3076 837 3139 usque
859 3057 903 3121 ad
924 3064 1081 3139 tempora
1097 3050 1272 3122 ’eadwul-

324 3155 424 3233 lonis,
441 3177 543 3239 quem
562 3157 660 3221 Beda
676 3156 885 3222 cedwallam
901 3164 1017 3234 vocat,
1032 3157 1127 3220 illam
1148 3158 1271 3239 patriae

322 3263 468 3337 partem,
497 3276 576 3338 quae
600 3258 651 3321 eis
677 3264 900 3334 remanserat,
922 3276 991 3320 nou
1017 3257 1077 3320 uni
1106 3259 1180 3339 regi
1211 3257 1271 3322 sed

322 3354 431 3418 tribus
446 3358 604 3438 tyrannis
626 3357 831 3441 subjectam,
846 3357 1005 3421 civilibus
1028 3357 1127 3421 bellis
1150 3358 1272 3441 saepis·

360 3566 487 3616 ιΤΙιεοιιιω
506 3603 552 3618 ...
570 3572 595 3617 et
616 3568 783 3631 Mediccera]
808 3567 858 3616 ded
869 3567 1014 3630 originally,
1022 3582 1081 3629 says
1090 3568 1213 3632 Camden,
1220 3571 1273 3621 into

322 3636 441 3698 Geoffrey
450 3638 564 3687 includes
575 3639 629 3688 also
641 3639 683 3687 the
694 3638 784 3700 bishop
809 3637 926 3699 Loegriu,
953 3638 1081 3700 cambria,
1103 3639 1222 3701 Albania,
1245 3654 1274 3689 or

321 3708 350 3756 ol
358 3707 473 3768 Chester,
483 3708 577 3770 calling
588 3708 656 3758 them
667 3710 675 3736 ‘
685 3713 736 3757 tres
745 3723 785 3757 ar·
809 3707 936 3770 England,
953 3707 1050 3769 Wales,
1069 3709 1119 3757 and
1143 3709 1272 3760 Scotland.

321 3776 505 3839 chipraesules.'
545 3778 599 3828 'l'he
621 3784 672 3827 two
693 3778 785 3827 former
809 3777 878 3826 Here
899 3777 1129 3827 Northumherlaud
1148 3780 1272 3842 isjoined

321 3863 364 3896 are
386 3847 468 3897 called
495 3849 529 3909 by
552 3848 613 3899 Nic.
642 3849 784 3910 Centalupe
807 3847 871 3895 with
894 3847 1002 3910 Loegria
1024 3854 1051 3897 to
1072 3848 1148 3898 make
1170 3864 1206 3912 up
1230 3850 1272 3900 the

322 3917 491 3967 ‘Theodotus
538 3918 589 3966 aud
634 3919 784 3968 Tadeocus!
808 3917 869 3966 urst.

322 3988 429 4048 Ussher,
445 4004 471 4050 p.
484 3992 542 4038 297.
577 3988 625 4037 See
640 3988 785 4050 alsoFoxe,
842 3984 854 4017 ³
867 3987 1051 4051 truculente]
1069 3988 1134 4038 Bed.
1154 3987 1226 4039 Hist.
1244 3989 1272 4040 ii.

321 4060 384 4107 Acts
395 4058 443 4106 and
456 4058 673 4121 Monuments,ed.
685 4061 756 4118 1⁵⁷8,
765 4059 783 4107 i.
807 4061 848 4106 20.
885 4058 937 4107 His
955 4059 1030 4107 death
1049 4059 1071 4107 is
1093 4059 1214 4108 recorded
1231 4060 1274 4108 be-

321 4144 346 4190 p.
361 4131 415 4177 114.
777 4125 781 4133 “
808 4129 868 4188 low,
879 4128 960 4177 under
976 4127 1018 4177 the
1031 4143 1092 4190 year
1102 4133 1161 4193 676,
1175 4130 1272 4180 attere

355 4197 510 4261 mgna]
533 4199 631 4248 Britain
648 4213 703 4247 was
719 4197 782 4246 divi·
807 4199 877 4260 reign
889 4199 918 4247 ol
925 4197 1072 4262 forty-eight
1083 4215 1165 4260 years.
