2888 4852
360 456 426 520 458
617 432 751 519 noorai
776 472 823 518 ns
846 471 1053 520 wunnovsa

361 631 414 694 vis
444 631 558 695 insula
584 632 621 695 in
651 631 761 714 ipsius
797 630 949 695 fluminis
981 631 1094 696 medio
1124 632 1205 709 sita,
1233 651 1319 715 quaa

362 725 526 795 Oseneia¹
556 732 764 814 appellatur,
791 731 834 794 ad
862 750 966 813 quam
996 751 1096 814 reges
1122 734 1317 796 transvecti

359 831 644 913 splendidissimis
676 839 906 914 proteguntur
928 833 1045 910 armis,
1069 833 1139 908 ubi,
1164 840 1317 915 utroque

359 939 539 1014 spectante
553 932 695 1015 populo,
711 922 885 995 certamen
899 932 1021 996 ineunt
1038 933 1225 1014 singulare.
1262 931 1316 997 At

360 1032 417 1095 ubi
443 1032 621 1096 hastarum
648 1033 753 1095 robur
781 1039 852 1096 tam
879 1032 1008 1096 virtute
1035 1033 1315 1114 impungcntium

359 1151 493 1213 regum,
519 1151 623 1215 quam
650 1131 916 1196 fortissimorum
944 1132 1083 1215 objectu
1110 1133 1314 1216 clypeorum

359 1230 504 1313 deperit,
528 1232 662 1295 eductis
687 1232 827 1295 ensibus
856 1250 932 1295 sesa
956 1233 1111 1296 cominus
1134 1232 1314 1310 lerientes,

359 1332 552 1414 acriterque
569 1351 610 1395 ac
626 1332 685 1395 diu
702 1351 780 1395 cum
796 1329 922 1413 gladiis
938 1351 1010 1395 rem
1023 1339 1180 1414 agentes,
1197 1332 1313 1397 virtus

360 1431 613 1508 Eadmundum,
629 1431 769 1496 fortuna
785 1430 979 1495 Cnutonem
995 1431 1160 1514 protexit.
1206 1431 1313 1496 Circa

358 1533 475 1614 capita
490 1532 637 1613 galeata
660 1551 759 1595 enses
779 1531 946 1608 tinniunt,
965 1550 1111 1613 quorum
1129 1531 1313 1596 collisione

357 1632 518 1696 scintillae
542 1639 792 1715 prorumpunt3
816 1631 874 1694 ubi
891 1651 974 1694 vero
1000 1630 1085 1695 illud
1108 1633 1312 1696 robustissi-

357 1752 450 1795 mum
476 1740 598 1814 pectus
625 1730 819 1795 Eadmundi
854 1751 898 1794 ox
930 1732 1007 1814 ipso
1031 1731 1183 1795 bellandi
1210 1741 1311 1796 motu
1356 1720 1360 1727 ¹

356 1833 409 1896 ira
434 1832 665 1909 succenditur,
690 1840 725 1895 et
750 1831 920 1913 sanguine
942 1830 1172 1895 incalescente
1193 1832 1311 1897 sactus

357 1940 411 1996 est
439 1934 624 2009 robustior,
655 1931 816 1996 dextram
848 1931 954 2008 levat,
982 1951 1099 1994 ensem
1123 1931 1248 2009 vibrat,
1274 1940 1312 1998 et

356 2039 456 2098 tanta
475 2032 693 2096 vehementia
714 2033 750 2095 in
772 2036 879 2113 caput
900 2032 1071 2096 obstantis
1095 2032 1185 2096 ictus
1208 2033 1310 2113 inge-

356 2133 477 2209 minat,
494 2142 534 2196 nt
552 2132 734 2196 fulminare
757 2132 994 2213 potiusquam
1017 2139 1195 2212 percutere
1212 2132 1311 2197 vide-

356 2241 447 2296 atur.
498 2232 659 2296 Sentiens
689 2251 773 2313 ergo
796 2230 912 2295 Cnuto
938 2230 1004 2294 sibi
1029 2232 1120 2297 vires
1149 2231 1310 2311 deficere,

356 2351 462 2415 seque
484 2331 573 2395 tales
595 2333 744 2414 impetus
760 2330 820 2395 diu
834 2331 1004 2394 sustinere
1023 2350 1093 2395 non
1116 2352 1230 2414 posse,
1247 2352 1310 2397 co-

356 2433 445 2514 gitat
470 2430 513 2495 de
540 2449 626 2512 pace
647 2431 814 2514 juvenem
833 2431 1038 2511 convenire3
1071 2431 1143 2508 sed,
1166 2441 1205 2495 ut
1230 2442 1309 2499 erat

355 2540 504 2609 astutus,
529 2532 654 2595 timens
677 2551 732 2608 ne,
756 2532 786 2594 si
810 2530 964 2594 delectus
986 2531 1039 2594 sui
1058 2531 1181 2614 juveni
1206 2533 1310 2597 inno-

355 2639 538 2708 tescerent,
554 2632 651 2713 pacis
666 2632 807 2695 verbum
824 2651 893 2695 non
915 2630 1061 2708 audiret,
1079 2638 1190 2696 totum
1212 2634 1308 2698 intra

355 2752 393 2797 se
411 2753 511 2796 suum
530 2732 735 2813 recolligens
755 2732 926 2814 spiritum,
942 2731 1090 2794 mirabili
1105 2733 1234 2796 virtute
1257 2732 1307 2796 ir-

354 2835 424 2897 ruit
448 2833 483 2895 in
507 2831 761 2909 Eadmundum,
784 2840 820 2895 ct
846 2851 927 2895 mox
954 2851 992 2894 se
1016 2832 1195 2913 paululum
1221 2834 1307 2897 sub·

353 2933 506 3010 trahone,
520 2939 624 3014 rogat
636 2933 806 2996 sustinere
821 2931 991 2995 modicum
1008 2938 1043 2994 et
1056 2932 1121 2994 sibi
1136 2941 1306 3014 praestare

353 3034 521 3097 auditum.
574 3031 652 3109 Ille,
670 3038 708 3095 ut
725 3038 801 3094 erat
816 3032 934 3095 suavis
951 3030 1078 3107 anima,
1095 3031 1244 3097 demisso
1268 3035 1306 3098 in

353 3142 447 3198 terra
467 3133 601 3216 clypeo,
618 3132 660 3195 ad
679 3133 783 3195 verba
799 3129 969 3195 cnutonis
990 3131 1150 3208 intendit,
1172 3138 1182 3166 ⁴
1202 3132 1304 3197 Hac-

353 3233 478 3308 tenus,'
492 3232 618 3316 inquit,
636 3232 756 3314 ‘regni
771 3232 822 3295 tui
840 3232 986 3314 cupidus
997 3230 1059 3309 sui,
1071 3232 1219 3296 virorum
1233 3232 1305 3297 for-

352 3334 496 3409 tissime,
513 3352 614 3415 quem
632 3353 701 3396 non
721 3331 833 3395 solum
848 3352 955 3412 regno
969 3329 1122 3412 Angliae,
1137 3332 1196 3395 scd
1223 3335 1304 3396 uni·

351 3453 452 3498 verso
478 3433 553 3496 orbi
572 3432 706 3516 judicio
730 3431 993 3514 praeferendum,
1023 3451 1114 3495 nunc
1144 3432 1304 3514 cupidior

351 3534 402 3596 tui
435 3552 510 3595 sum
534 3551 639 3613 quam
666 3532 789 3613 regni;
822 3530 905 3594 mibi
929 3531 1041 3594 Dacia
1071 3532 1192 3609 servit,
1216 3532 1302 3597 mibi

350 3631 540 3711 Norwegia
555 3631 757 3708 succumbit,
775 3631 858 3693 mihi
880 3651 943 3694 rex
960 3630 1152 3695 Suanorum
1175 3651 1302 3697 manus

349 3733 455 3809 dedit,
487 3732 648 3813 quocirca
674 3731 755 3794 licet
783 3751 838 3794 me
863 3733 1028 3795 victorem
1054 3732 1181 3813 ubique
1204 3732 1301 3797 sutu-

349 3852 424 3896 rum
444 3832 583 3896 fortuna
604 3831 810 3913 promiserit,
833 3832 883 3894 ita
899 3838 1014 3894 tamen
1037 3839 1098 3894 tua
1118 3852 1172 3895 me
1193 3833 1300 3896 mira-

349 3933 427 3997 bilis
443 3933 598 4016 probitas
615 3931 727 3994 illexit
744 3931 787 3994 ad
804 3931 964 4013 gratiam,
982 3939 1143 4014 utsupra
1159 3932 1299 3998 modum

349 4041 383 4097 te
409 4042 444 4097 et
467 4033 611 4096 amicum
637 4032 773 4114 cupiam
796 4040 830 4096 et
856 4050 1041 4114 regnorum
1066 4030 1192 4095 babere
1215 4053 1299 4097 cou-

344 4198 943 4231 ᾕ-ῄ--Ἳ
1091 4201 1300 4214 ἡ,

695 4284 706 4328 l
723 4285 765 4334 On
777 4284 819 4333 tbe
831 4298 903 4345 marg¹
