<?xml version="1.0" encoding="UTF-8"?>
<!DOCTYPE html PUBLIC "-//W3C//DTD XHTML 1.0 Transitional//EN"
    "http://www.w3.org/TR/xhtml1/DTD/xhtml1-transitional.dtd">
<html xmlns="http://www.w3.org/1999/xhtml" xml:lang="en" lang="en">
 <head>
  <title>
</title>
<meta http-equiv="Content-Type" content="text/html;charset=utf-8" />
  <meta name='ocr-system' content='tesseract 3.04.00' />
  <meta name='ocr-capabilities' content='ocr_page ocr_carea ocr_par ocr_line ocrx_word'/>
</head>
<body>
  <div class='ocr_page' id='page_1' title='image "./rogeridewendove04rogegoog_0399.png"; bbox 0 0 2888 4852; ppageno 0'>
   <div class='ocr_carea' id='block_1_1' title="bbox 371 419 1065 487">
    <p class='ocr_par' dir='ltr' id='par_1_1' title="bbox 371 419 1065 487">
     <span class='ocr_line' id='line_1_1' title="bbox 371 419 1065 487; baseline -0.007 0"><span class='ocrx_word' id='word_1_1' title='bbox 371 419 438 487; x_wconf 79' lang='lat'><strong>356</strong></span> <span class='ocrx_word' id='word_1_2' title='bbox 628 437 762 485; x_wconf 78' lang='lat' dir='ltr'><strong>sooner</strong></span> <span class='ocrx_word' id='word_1_3' title='bbox 787 437 834 484; x_wconf 86' lang='lat' dir='ltr'><strong>us</strong></span> <span class='ocrx_word' id='word_1_4' title='bbox 856 436 1065 484; x_wconf 80' lang='lat' dir='ltr'><strong>wsuuovsa</strong></span> 
     </span>
    </p>
   </div>
   <div class='ocr_carea' id='block_1_2' title="bbox 356 592 1330 3257">
    <p class='ocr_par' dir='ltr' id='par_1_2' title="bbox 356 592 1330 3257">
     <span class='ocr_line' id='line_1_2' title="bbox 374 592 1330 678; baseline -0.005 -19"><span class='ocrx_word' id='word_1_5' title='bbox 374 616 543 678; x_wconf 84' lang='lat' dir='ltr'><strong>ganorum</strong></span> <span class='ocrx_word' id='word_1_6' title='bbox 557 615 602 660; x_wconf 87' lang='lat' dir='ltr'><strong>ex</strong></span> <span class='ocrx_word' id='word_1_7' title='bbox 614 595 741 659; x_wconf 84' lang='lat' dir='ltr'><strong>Galliis</strong></span> <span class='ocrx_word' id='word_1_8' title='bbox 755 595 955 670; x_wconf 84' lang='lat' dir='ltr'><strong>adveniens,</strong></span> <span class='ocrx_word' id='word_1_9' title='bbox 964 614 1041 657; x_wconf 91' lang='lat' dir='ltr'><strong>cum</strong></span> <span class='ocrx_word' id='word_1_10' title='bbox 1060 593 1159 675; x_wconf 85' lang='lat' dir='ltr'><strong>equis</strong></span> <span class='ocrx_word' id='word_1_11' title='bbox 1177 599 1212 655; x_wconf 91' lang='lat' dir='ltr'><strong>et</strong></span> <span class='ocrx_word' id='word_1_12' title='bbox 1227 592 1330 655; x_wconf 88' lang='lat' dir='ltr'><strong>navi·</strong></span> 
     </span>
     <span class='ocr_line' id='line_1_3' title="bbox 374 694 1328 778; baseline -0.004 -20"><span class='ocrx_word' id='word_1_13' title='bbox 374 697 438 758; x_wconf 91' lang='lat' dir='ltr'><strong>bus</strong></span> <span class='ocrx_word' id='word_1_14' title='bbox 454 695 611 759; x_wconf 90' lang='lat' dir='ltr'><strong>ducentis</strong></span> <span class='ocrx_word' id='word_1_15' title='bbox 626 695 890 778; x_wconf 83' lang='lat' dir='ltr'><strong>quinquaginta,</strong></span> <span class='ocrx_word' id='word_1_16' title='bbox 906 694 1066 759; x_wconf 82' lang='lat' dir='ltr'><strong>cantiam</strong></span> <span class='ocrx_word' id='word_1_17' title='bbox 1088 698 1328 755; x_wconf 86' lang='lat' dir='ltr'><strong>transvectum</strong></span> 
     </span>
     <span class='ocr_line' id='line_1_4' title="bbox 373 789 1329 875; baseline -0.004 -18"><span class='ocrx_word' id='word_1_18' title='bbox 373 795 409 857; x_wconf 94' lang='lat' dir='ltr'><strong>in</strong></span> <span class='ocrx_word' id='word_1_19' title='bbox 432 797 522 860; x_wconf 90' lang='lat' dir='ltr'><strong>ostio</strong></span> <span class='ocrx_word' id='word_1_20' title='bbox 539 789 704 858; x_wconf 89' lang='lat' dir='ltr'><strong>¹Limenii</strong></span> <span class='ocrx_word' id='word_1_21' title='bbox 726 794 888 868; x_wconf 86' lang='lat' dir='ltr'><strong>fluminis,</strong></span> <span class='ocrx_word' id='word_1_22' title='bbox 906 793 998 875; x_wconf 91' lang='lat' dir='ltr'><strong>quod</strong></span> <span class='ocrx_word' id='word_1_23' title='bbox 1020 792 1063 855; x_wconf 93' lang='lat' dir='ltr'><strong>de</strong></span> <span class='ocrx_word' id='word_1_24' title='bbox 1084 791 1175 855; x_wconf 88' lang='lat' dir='ltr'><strong>silva</strong></span> <span class='ocrx_word' id='word_1_25' title='bbox 1198 809 1329 872; x_wconf 81' lang='lat' dir='ltr'><strong>magna</strong></span> 
     </span>
     <span class='ocr_line' id='line_1_5' title="bbox 373 886 1329 975; baseline -0.004 -18"><span class='ocrx_word' id='word_1_26' title='bbox 373 886 703 957; x_wconf 83' lang='lat' dir='ltr'><strong>‘Andredeswald’²</strong></span> <span class='ocrx_word' id='word_1_27' title='bbox 724 893 899 975; x_wconf 89' lang='lat' dir='ltr'><strong>appellata</strong></span> <span class='ocrx_word' id='word_1_28' title='bbox 920 892 1083 967; x_wconf 85' lang='lat' dir='ltr'><strong>decurrit,</strong></span> <span class='ocrx_word' id='word_1_29' title='bbox 1100 890 1270 972; x_wconf 83' lang='lat' dir='ltr'>applicuit</span> <span class='ocrx_word' id='word_1_30' title='bbox 1291 899 1329 953; x_wconf 90' lang='lat' dir='ltr'><strong>et</strong></span> 
     </span>
     <span class='ocr_line' id='line_1_6' title="bbox 374 989 1328 1075; baseline -0.004 -20"><span class='ocrx_word' id='word_1_31' title='bbox 374 1002 524 1075; x_wconf 88' lang='lat' dir='ltr'><strong>quatuor</strong></span> <span class='ocrx_word' id='word_1_32' title='bbox 560 992 729 1056; x_wconf 89' lang='lat' dir='ltr'><strong>milliariis</strong></span> <span class='ocrx_word' id='word_1_33' title='bbox 771 1011 907 1055; x_wconf 90' lang='lat' dir='ltr'><strong>sursum</strong></span> <span class='ocrx_word' id='word_1_34' title='bbox 945 1009 1052 1054; x_wconf 90' lang='lat' dir='ltr'><strong>naves</strong></span> <span class='ocrx_word' id='word_1_35' title='bbox 1088 989 1227 1065; x_wconf 84' lang='lat' dir='ltr'><strong>direxit,</strong></span> <span class='ocrx_word' id='word_1_36' title='bbox 1267 990 1328 1052; x_wconf 94' lang='lat' dir='ltr'><strong>ubi</strong></span> 
     </span>
     <span class='ocr_line' id='line_1_7' title="bbox 375 1089 1327 1174; baseline -0.002 -20"><span class='ocrx_word' id='word_1_37' title='bbox 375 1091 548 1174; x_wconf 91' lang='lat' dir='ltr'><strong>quandam</strong></span> <span class='ocrx_word' id='word_1_38' title='bbox 586 1111 698 1155; x_wconf 89' lang='lat' dir='ltr'><strong>arcem</strong></span> <span class='ocrx_word' id='word_1_39' title='bbox 730 1109 752 1153; x_wconf 90' lang='lat' dir='ltr'><strong>a</strong></span> <span class='ocrx_word' id='word_1_40' title='bbox 782 1091 903 1172; x_wconf 86' lang='lat' dir='ltr'><strong>paucis</strong></span> <span class='ocrx_word' id='word_1_41' title='bbox 935 1089 1063 1153; x_wconf 83' lang='lat' dir='ltr'><strong>accolis</strong></span> <span class='ocrx_word' id='word_1_42' title='bbox 1096 1089 1327 1152; x_wconf 78' lang='lat' dir='ltr'><strong>inhabitatam</strong></span> 
     </span>
     <span class='ocr_line' id='line_1_8' title="bbox 376 1180 1327 1270; baseline 0 -18"><span class='ocrx_word' id='word_1_43' title='bbox 376 1189 562 1266; x_wconf 80' lang='lat' dir='ltr'><strong>diruentes,</strong></span> <span class='ocrx_word' id='word_1_44' title='bbox 580 1191 684 1253; x_wconf 88' lang='lat' dir='ltr'><strong>aliam</strong></span> <span class='ocrx_word' id='word_1_45' title='bbox 698 1190 764 1253; x_wconf 86' lang='lat' dir='ltr'><strong>sibi</strong></span> <span class='ocrx_word' id='word_1_46' title='bbox 779 1189 976 1265; x_wconf 87' lang='lat' dir='ltr'><strong>firmiorem,</strong></span> <span class='ocrx_word' id='word_1_47' title='bbox 990 1190 1026 1251; x_wconf 91' lang='lat' dir='ltr'><strong>iu</strong></span> <span class='ocrx_word' id='word_1_48' title='bbox 1040 1189 1129 1264; x_wconf 90' lang='lat' dir='ltr'><strong>loco,</strong></span> <span class='ocrx_word' id='word_1_49' title='bbox 1140 1190 1200 1270; x_wconf 90' lang='lat' dir='ltr'><strong>qui</strong></span> <span class='ocrx_word' id='word_1_50' title='bbox 1216 1180 1242 1221; x_wconf 80' lang='lat'><strong>³‘</strong></span> <span class='ocrx_word' id='word_1_51' title='bbox 1251 1187 1327 1270; x_wconf 86' lang='lat' dir='ltr'><strong>Ap-</strong></span> 
     </span>
     <span class='ocr_line' id='line_1_9' title="bbox 376 1287 1327 1371; baseline -0.001 -20"><span class='ocrx_word' id='word_1_52' title='bbox 376 1287 504 1371; x_wconf 89' lang='lat' dir='ltr'><strong>peltre’</strong></span> <span class='ocrx_word' id='word_1_53' title='bbox 527 1289 665 1366; x_wconf 91' lang='lat' dir='ltr'><strong>dicitur,</strong></span> <span class='ocrx_word' id='word_1_54' title='bbox 691 1295 988 1366; x_wconf 81' lang='lat' dir='ltr'><strong>construxerunt3</strong></span> <span class='ocrx_word' id='word_1_55' title='bbox 1023 1306 1086 1351; x_wconf 91' lang='lat' dir='ltr'><strong>uec</strong></span> <span class='ocrx_word' id='word_1_56' title='bbox 1113 1288 1222 1350; x_wconf 90' lang='lat' dir='ltr'><strong>multo</strong></span> <span class='ocrx_word' id='word_1_57' title='bbox 1244 1295 1327 1369; x_wconf 90' lang='lat' dir='ltr'><strong>post</strong></span> 
     </span>
     <span class='ocr_line' id='line_1_10' title="bbox 377 1387 1328 1470; baseline 0 -20"><span class='ocrx_word' id='word_1_58' title='bbox 377 1387 571 1452; x_wconf 87' lang='lat' dir='ltr'><strong>Hasteinus</strong></span> <span class='ocrx_word' id='word_1_59' title='bbox 596 1408 642 1452; x_wconf 83' lang='lat' dir='ltr'><strong>ex</strong></span> <span class='ocrx_word' id='word_1_60' title='bbox 663 1387 789 1451; x_wconf 90' lang='lat' dir='ltr'><strong>eisdem</strong></span> <span class='ocrx_word' id='word_1_61' title='bbox 813 1389 983 1470; x_wconf 87' lang='lat' dir='ltr'><strong>partibus,</strong></span> <span class='ocrx_word' id='word_1_62' title='bbox 1000 1405 1079 1450; x_wconf 91' lang='lat' dir='ltr'><strong>cum</strong></span> <span class='ocrx_word' id='word_1_63' title='bbox 1098 1388 1245 1451; x_wconf 89' lang='lat' dir='ltr'><strong>navibus</strong></span> <span class='ocrx_word' id='word_1_64' title='bbox 1267 1407 1328 1450; x_wconf 93' lang='lat' dir='ltr'><strong>oc-</strong></span> 
     </span>
     <span class='ocr_line' id='line_1_11' title="bbox 376 1479 1329 1568; baseline -0.001 -18"><span class='ocrx_word' id='word_1_65' title='bbox 376 1488 513 1568; x_wconf 79' lang='lat' dir='ltr'><strong>toginta</strong></span> <span class='ocrx_word' id='word_1_66' title='bbox 529 1488 656 1552; x_wconf 91' lang='lat' dir='ltr'><strong>ostium</strong></span> <span class='ocrx_word' id='word_1_67' title='bbox 669 1486 851 1550; x_wconf 81' lang='lat' dir='ltr'><strong>Themesis</strong></span> <span class='ocrx_word' id='word_1_68' title='bbox 868 1487 1018 1551; x_wconf 88' lang='lat' dir='ltr'><strong>fluminis</strong></span> <span class='ocrx_word' id='word_1_69' title='bbox 1034 1487 1180 1562; x_wconf 89' lang='lat' dir='ltr'><strong>intrans,</strong></span> <span class='ocrx_word' id='word_1_70' title='bbox 1197 1479 1329 1549; x_wconf 87' lang='lat' dir='ltr'><strong>⁴muni-</strong></span> 
     </span>
     <span class='ocr_line' id='line_1_12' title="bbox 378 1585 1327 1668; baseline -0.002 -19"><span class='ocrx_word' id='word_1_71' title='bbox 378 1586 505 1650; x_wconf 91' lang='lat' dir='ltr'><strong>tionem</strong></span> <span class='ocrx_word' id='word_1_72' title='bbox 532 1588 598 1650; x_wconf 91' lang='lat' dir='ltr'><strong>sibi</strong></span> <span class='ocrx_word' id='word_1_73' title='bbox 623 1588 660 1650; x_wconf 90' lang='lat' dir='ltr'><strong>iu</strong></span> <span class='ocrx_word' id='word_1_74' title='bbox 686 1587 772 1650; x_wconf 89' lang='lat' dir='ltr'><strong>villa</strong></span> <span class='ocrx_word' id='word_1_75' title='bbox 796 1587 903 1667; x_wconf 79' lang='lat' dir='ltr'><strong>regia,</strong></span> <span class='ocrx_word' id='word_1_76' title='bbox 928 1606 1006 1668; x_wconf 86' lang='lat' dir='ltr'><strong>quae</strong></span> <span class='ocrx_word' id='word_1_77' title='bbox 1036 1586 1072 1648; x_wconf 88' lang='lat' dir='ltr'><strong><em>M</em></strong></span> <span class='ocrx_word' id='word_1_78' title='bbox 1077 1585 1253 1649; x_wconf 89' lang='lat' dir='ltr'><strong>iddeltoua</strong></span> <span class='ocrx_word' id='word_1_79' title='bbox 1275 1585 1327 1648; x_wconf 93' lang='lat' dir='ltr'><strong>di-</strong></span> 
     </span>
     <span class='ocr_line' id='line_1_13' title="bbox 377 1684 1325 1768; baseline -0.001 -20"><span class='ocrx_word' id='word_1_80' title='bbox 377 1687 478 1762; x_wconf 90' lang='lat' dir='ltr'><strong>citur,</strong></span> <span class='ocrx_word' id='word_1_81' title='bbox 495 1687 630 1767; x_wconf 82' lang='lat' dir='ltr'><strong>magnis</strong></span> <span class='ocrx_word' id='word_1_82' title='bbox 644 1687 838 1768; x_wconf 85' lang='lat' dir='ltr'><strong>sumptibus</strong></span> <span class='ocrx_word' id='word_1_83' title='bbox 856 1687 1119 1749; x_wconf 85' lang='lat' dir='ltr'><strong>consummavit.</strong></span> <span class='ocrx_word' id='word_1_84' title='bbox 1162 1684 1229 1748; x_wconf 90' lang='lat' dir='ltr'><strong>Sed</strong></span> <span class='ocrx_word' id='word_1_85' title='bbox 1246 1705 1325 1747; x_wconf 90' lang='lat' dir='ltr'><strong>curn</strong></span> 
     </span>
     <span class='ocr_line' id='line_1_14' title="bbox 377 1784 1326 1867; baseline -0.001 -20"><span class='ocrx_word' id='word_1_86' title='bbox 377 1786 528 1867; x_wconf 90' lang='lat' dir='ltr'><strong>undique</strong></span> <span class='ocrx_word' id='word_1_87' title='bbox 552 1787 626 1865; x_wconf 81' lang='lat' dir='ltr'><strong>regi</strong></span> <span class='ocrx_word' id='word_1_88' title='bbox 641 1784 786 1849; x_wconf 88' lang='lat' dir='ltr'><strong>Alfredo</strong></span> <span class='ocrx_word' id='word_1_89' title='bbox 805 1784 956 1848; x_wconf 89' lang='lat' dir='ltr'><strong>hostium</strong></span> <span class='ocrx_word' id='word_1_90' title='bbox 979 1786 1192 1848; x_wconf 84' lang='lat' dir='ltr'><strong>incursiones</strong></span> <span class='ocrx_word' id='word_1_91' title='bbox 1214 1785 1326 1847; x_wconf 91' lang='lat' dir='ltr'><strong>immi-</strong></span> 
     </span>
     <span class='ocr_line' id='line_1_15' title="bbox 377 1879 1325 1966; baseline 0.002 -21"><span class='ocrx_word' id='word_1_92' title='bbox 377 1891 498 1947; x_wconf 83' lang='lat' dir='ltr'><strong>nerent</strong></span> <span class='ocrx_word' id='word_1_93' title='bbox 518 1879 584 1960; x_wconf 87' lang='lat' dir='ltr'><strong>⁵et,</strong></span> <span class='ocrx_word' id='word_1_94' title='bbox 599 1892 638 1946; x_wconf 90' lang='lat' dir='ltr'><strong>ut</strong></span> <span class='ocrx_word' id='word_1_95' title='bbox 654 1884 795 1966; x_wconf 90' lang='lat' dir='ltr'><strong>quidam</strong></span> <span class='ocrx_word' id='word_1_96' title='bbox 818 1892 988 1959; x_wconf 90' lang='lat' dir='ltr'><strong>asserunt,</strong></span> <span class='ocrx_word' id='word_1_97' title='bbox 1004 1884 1099 1964; x_wconf 85' lang='lat' dir='ltr'><strong>leges</strong></span> <span class='ocrx_word' id='word_1_98' title='bbox 1116 1885 1205 1947; x_wconf 82' lang='lat' dir='ltr'><strong>inter</strong></span> <span class='ocrx_word' id='word_1_99' title='bbox 1227 1902 1325 1947; x_wconf 88' lang='lat' dir='ltr'><strong>arma</strong></span> 
     </span>
     <span class='ocr_line' id='line_1_16' title="bbox 376 1982 1322 2065; baseline 0.001 -21"><span class='ocrx_word' id='word_1_100' title='bbox 376 1982 514 2060; x_wconf 88' lang='lat' dir='ltr'><strong>sileant,</strong></span> <span class='ocrx_word' id='word_1_101' title='bbox 544 1983 619 2065; x_wconf 90' lang='lat' dir='ltr'><strong>ipse</strong></span> <span class='ocrx_word' id='word_1_102' title='bbox 646 1992 761 2047; x_wconf 91' lang='lat' dir='ltr'><strong>tamen</strong></span> <span class='ocrx_word' id='word_1_103' title='bbox 795 1984 885 2046; x_wconf 88' lang='lat' dir='ltr'><strong>inter</strong></span> <span class='ocrx_word' id='word_1_104' title='bbox 909 1984 1073 2047; x_wconf 85' lang='lat' dir='ltr'><strong>stridores</strong></span> <span class='ocrx_word' id='word_1_105' title='bbox 1100 1983 1322 2046; x_wconf 92' lang='lat' dir='ltr'><strong>buccinarum</strong></span> 
     </span>
     <span class='ocr_line' id='line_1_17' title="bbox 377 2083 1324 2164; baseline 0 -19"><span class='ocrx_word' id='word_1_106' title='bbox 377 2090 413 2145; x_wconf 89' lang='lat' dir='ltr'><strong>et</strong></span> <span class='ocrx_word' id='word_1_107' title='bbox 432 2083 587 2164; x_wconf 85' lang='lat' dir='ltr'><strong>fragores</strong></span> <span class='ocrx_word' id='word_1_108' title='bbox 608 2083 775 2145; x_wconf 91' lang='lat' dir='ltr'><strong>bellorum</strong></span> <span class='ocrx_word' id='word_1_109' title='bbox 796 2090 832 2146; x_wconf 89' lang='lat' dir='ltr'><strong>et</strong></span> <span class='ocrx_word' id='word_1_110' title='bbox 853 2101 1025 2145; x_wconf 89' lang='lat' dir='ltr'><strong>armorum</strong></span> <span class='ocrx_word' id='word_1_111' title='bbox 1047 2083 1204 2145; x_wconf 82' lang='lat' dir='ltr'><strong>fremitus</strong></span> <span class='ocrx_word' id='word_1_112' title='bbox 1228 2083 1324 2163; x_wconf 83' lang='lat' dir='ltr'><strong>leges</strong></span> 
     </span>
     <span class='ocr_line' id='line_1_18' title="bbox 377 2182 1324 2263; baseline 0.001 -19"><span class='ocrx_word' id='word_1_113' title='bbox 377 2182 458 2245; x_wconf 89' lang='lat' dir='ltr'><strong>tulit</strong></span> <span class='ocrx_word' id='word_1_114' title='bbox 489 2191 525 2245; x_wconf 89' lang='lat' dir='ltr'><strong>et</strong></span> <span class='ocrx_word' id='word_1_115' title='bbox 550 2182 784 2245; x_wconf 89' lang='lat' dir='ltr'><strong>observandas</strong></span> <span class='ocrx_word' id='word_1_116' title='bbox 808 2182 963 2258; x_wconf 88' lang='lat' dir='ltr'><strong>tradidit,</strong></span> <span class='ocrx_word' id='word_1_117' title='bbox 987 2182 1111 2263; x_wconf 90' lang='lat' dir='ltr'><strong>quibus</strong></span> <span class='ocrx_word' id='word_1_118' title='bbox 1134 2183 1188 2244; x_wconf 90' lang='lat' dir='ltr'><strong>sui</strong></span> <span class='ocrx_word' id='word_1_119' title='bbox 1214 2190 1249 2244; x_wconf 89' lang='lat' dir='ltr'><strong>et</strong></span> <span class='ocrx_word' id='word_1_120' title='bbox 1272 2184 1324 2245; x_wconf 86' lang='lat' dir='ltr'><strong>di-</strong></span> 
     </span>
     <span class='ocr_line' id='line_1_19' title="bbox 378 2280 1322 2362; baseline 0.002 -20"><span class='ocrx_word' id='word_1_121' title='bbox 378 2281 459 2344; x_wconf 89' lang='lat' dir='ltr'><strong>vino</strong></span> <span class='ocrx_word' id='word_1_122' title='bbox 484 2281 591 2345; x_wconf 89' lang='lat' dir='ltr'><strong>cultui</strong></span> <span class='ocrx_word' id='word_1_123' title='bbox 619 2289 655 2344; x_wconf 88' lang='lat' dir='ltr'><strong>et</strong></span> <span class='ocrx_word' id='word_1_124' title='bbox 679 2280 870 2362; x_wconf 78' lang='lat' dir='ltr'><strong>disciplinae</strong></span> <span class='ocrx_word' id='word_1_125' title='bbox 896 2281 1139 2344; x_wconf 88' lang='lat' dir='ltr'><strong>adsuescerent</strong></span> <span class='ocrx_word' id='word_1_126' title='bbox 1160 2281 1322 2345; x_wconf 89' lang='lat' dir='ltr'><strong>militari:</strong></span> 
     </span>
     <span class='ocr_line' id='line_1_20' title="bbox 376 2379 1323 2462; baseline 0.001 -20"><span class='ocrx_word' id='word_1_127' title='bbox 376 2386 411 2443; x_wconf 88' lang='lat' dir='ltr'><strong>et</strong></span> <span class='ocrx_word' id='word_1_128' title='bbox 425 2381 507 2460; x_wconf 89' lang='lat' dir='ltr'><strong>quia</strong></span> <span class='ocrx_word' id='word_1_129' title='bbox 525 2381 747 2444; x_wconf 87' lang='lat' dir='ltr'><strong>barbarorum</strong></span> <span class='ocrx_word' id='word_1_130' title='bbox 763 2380 942 2444; x_wconf 87' lang='lat' dir='ltr'><strong>occasione</strong></span> <span class='ocrx_word' id='word_1_131' title='bbox 960 2381 1064 2444; x_wconf 88' lang='lat' dir='ltr'><strong>etiam</strong></span> <span class='ocrx_word' id='word_1_132' title='bbox 1087 2379 1257 2462; x_wconf 83' lang='lat' dir='ltr'><strong>indigenae</strong></span> <span class='ocrx_word' id='word_1_133' title='bbox 1278 2381 1323 2443; x_wconf 90' lang='lat' dir='ltr'><strong>ad</strong></span> 
     </span>
     <span class='ocr_line' id='line_1_21' title="bbox 373 2478 1323 2561; baseline 0.003 -20"><span class='ocrx_word' id='word_1_134' title='bbox 373 2480 515 2561; x_wconf 81' lang='lat' dir='ltr'><strong>rapinas</strong></span> <span class='ocrx_word' id='word_1_135' title='bbox 536 2478 798 2556; x_wconf 84' lang='lat' dir='ltr'><strong>anhelaverant,</strong></span> <span class='ocrx_word' id='word_1_136' title='bbox 821 2481 871 2543; x_wconf 88' lang='lat' dir='ltr'><strong>ita</strong></span> <span class='ocrx_word' id='word_1_137' title='bbox 891 2487 931 2543; x_wconf 92' lang='lat' dir='ltr'><strong>ut</strong></span> <span class='ocrx_word' id='word_1_138' title='bbox 950 2481 1009 2543; x_wconf 90' lang='lat' dir='ltr'><strong>vix</strong></span> <span class='ocrx_word' id='word_1_139' title='bbox 1033 2479 1095 2542; x_wconf 92' lang='lat' dir='ltr'><strong>ulli</strong></span> <span class='ocrx_word' id='word_1_140' title='bbox 1116 2487 1212 2543; x_wconf 90' lang='lat' dir='ltr'><strong>tutus</strong></span> <span class='ocrx_word' id='word_1_141' title='bbox 1231 2488 1323 2544; x_wconf 89' lang='lat' dir='ltr'><strong>esset</strong></span> 
     </span>
     <span class='ocr_line' id='line_1_22' title="bbox 373 2578 1323 2660; baseline 0.002 -21"><span class='ocrx_word' id='word_1_142' title='bbox 373 2578 470 2640; x_wconf 93' lang='lat' dir='ltr'><strong>locus</strong></span> <span class='ocrx_word' id='word_1_143' title='bbox 482 2578 537 2641; x_wconf 89' lang='lat' dir='ltr'><strong>vel</strong></span> <span class='ocrx_word' id='word_1_144' title='bbox 551 2579 626 2641; x_wconf 91' lang='lat' dir='ltr'><strong>sine</strong></span> <span class='ocrx_word' id='word_1_145' title='bbox 643 2598 814 2642; x_wconf 90' lang='lat' dir='ltr'><strong>armorum</strong></span> <span class='ocrx_word' id='word_1_146' title='bbox 830 2579 990 2660; x_wconf 80' lang='lat' dir='ltr'><strong>praesidio</strong></span> <span class='ocrx_word' id='word_1_147' title='bbox 1006 2586 1229 2654; x_wconf 89' lang='lat' dir='ltr'><strong>commeatus,</strong></span> <span class='ocrx_word' id='word_1_148' title='bbox 1242 2599 1323 2642; x_wconf 92' lang='lat' dir='ltr'><strong>cen·</strong></span> 
     </span>
     <span class='ocr_line' id='line_1_23' title="bbox 374 2676 1321 2759; baseline 0.002 -21"><span class='ocrx_word' id='word_1_149' title='bbox 374 2679 496 2753; x_wconf 89' lang='lat' dir='ltr'><strong>turias,</strong></span> <span class='ocrx_word' id='word_1_150' title='bbox 512 2696 599 2758; x_wconf 87' lang='lat' dir='ltr'><strong>quas</strong></span> <span class='ocrx_word' id='word_1_151' title='bbox 623 2676 847 2755; x_wconf 82' lang='lat' dir='ltr'><strong>Hundredos,</strong></span> <span class='ocrx_word' id='word_1_152' title='bbox 869 2688 905 2742; x_wconf 91' lang='lat' dir='ltr'><strong>et</strong></span> <span class='ocrx_word' id='word_1_153' title='bbox 926 2679 1089 2752; x_wconf 75' lang='lat' dir='ltr'><strong>decimae,</strong></span> <span class='ocrx_word' id='word_1_154' title='bbox 1112 2698 1198 2759; x_wconf 88' lang='lat' dir='ltr'><strong>quas</strong></span> <span class='ocrx_word' id='word_1_155' title='bbox 1220 2678 1321 2741; x_wconf 88' lang='lat' dir='ltr'><strong>Tith-</strong></span> 
     </span>
     <span class='ocr_line' id='line_1_24' title="bbox 373 2775 1322 2858; baseline 0.004 -21"><span class='ocrx_word' id='word_1_156' title='bbox 373 2775 486 2858; x_wconf 87' lang='lat' dir='ltr'><strong>ingas,</strong></span> <span class='ocrx_word' id='word_1_157' title='bbox 504 2777 692 2858; x_wconf 90' lang='lat' dir='ltr'><strong>appellant,</strong></span> <span class='ocrx_word' id='word_1_158' title='bbox 704 2777 866 2853; x_wconf 89' lang='lat' dir='ltr'><strong>instituit,</strong></span> <span class='ocrx_word' id='word_1_159' title='bbox 883 2786 921 2840; x_wconf 89' lang='lat' dir='ltr'><strong>ut</strong></span> <span class='ocrx_word' id='word_1_160' title='bbox 936 2779 1047 2841; x_wconf 91' lang='lat' dir='ltr'><strong>omnis</strong></span> <span class='ocrx_word' id='word_1_161' title='bbox 1061 2778 1257 2858; x_wconf 85' lang='lat' dir='ltr'><strong>Angligena</strong></span> <span class='ocrx_word' id='word_1_162' title='bbox 1274 2778 1322 2841; x_wconf 89' lang='lat' dir='ltr'><strong>le·</strong></span> 
     </span>
     <span class='ocr_line' id='line_1_25' title="bbox 373 2875 1320 2954; baseline 0.001 -16"><span class='ocrx_word' id='word_1_163' title='bbox 373 2875 499 2954; x_wconf 80' lang='lat' dir='ltr'><strong>galiter</strong></span> <span class='ocrx_word' id='word_1_164' title='bbox 514 2877 635 2939; x_wconf 89' lang='lat' dir='ltr'><strong>vivens</strong></span> <span class='ocrx_word' id='word_1_165' title='bbox 658 2885 693 2939; x_wconf 91' lang='lat' dir='ltr'><strong>et</strong></span> <span class='ocrx_word' id='word_1_166' title='bbox 710 2878 900 2940; x_wconf 85' lang='lat' dir='ltr'><strong>centuriam</strong></span> <span class='ocrx_word' id='word_1_167' title='bbox 921 2876 1062 2939; x_wconf 90' lang='lat' dir='ltr'><strong>haberet</strong></span> <span class='ocrx_word' id='word_1_168' title='bbox 1084 2885 1119 2939; x_wconf 89' lang='lat' dir='ltr'><strong>et</strong></span> <span class='ocrx_word' id='word_1_169' title='bbox 1133 2878 1320 2953; x_wconf 88' lang='lat' dir='ltr'><strong>decimam;</strong></span> 
     </span>
     <span class='ocr_line' id='line_1_26' title="bbox 373 2974 1321 3059; baseline 0.001 -22"><span class='ocrx_word' id='word_1_170' title='bbox 373 2975 463 3056; x_wconf 91' lang='lat' dir='ltr'><strong>quod</strong></span> <span class='ocrx_word' id='word_1_171' title='bbox 479 2976 508 3038; x_wconf 89' lang='lat' dir='ltr'><strong>si</strong></span> <span class='ocrx_word' id='word_1_172' title='bbox 524 2975 601 3056; x_wconf 92' lang='lat' dir='ltr'><strong>quis</strong></span> <span class='ocrx_word' id='word_1_173' title='bbox 617 2975 764 3059; x_wconf 89' lang='lat' dir='ltr'><strong>alicujus</strong></span> <span class='ocrx_word' id='word_1_174' title='bbox 782 2974 897 3039; x_wconf 87' lang='lat' dir='ltr'><strong>delicti</strong></span> <span class='ocrx_word' id='word_1_175' title='bbox 915 2983 1118 3056; x_wconf 79' lang='lat' dir='ltr'><strong>argueretur</strong></span> <span class='ocrx_word' id='word_1_176' title='bbox 1133 2977 1321 3039; x_wconf 89' lang='lat' dir='ltr'><strong>incommo-</strong></span> 
     </span>
     <span class='ocr_line' id='line_1_27' title="bbox 356 3074 1319 3156; baseline 0.002 -19"><span class='ocrx_word' id='word_1_177' title='bbox 356 3074 429 3151; x_wconf 86' lang='lat' dir='ltr'><strong>do,</strong></span> <span class='ocrx_word' id='word_1_178' title='bbox 443 3077 562 3137; x_wconf 88' lang='lat' dir='ltr'><strong>statim</strong></span> <span class='ocrx_word' id='word_1_179' title='bbox 580 3075 777 3155; x_wconf 79' lang='lat' dir='ltr'><strong>exigeretur</strong></span> <span class='ocrx_word' id='word_1_180' title='bbox 794 3094 838 3137; x_wconf 91' lang='lat' dir='ltr'><strong>ex</strong></span> <span class='ocrx_word' id='word_1_181' title='bbox 855 3076 1021 3151; x_wconf 88' lang='lat' dir='ltr'><strong>centuria,</strong></span> <span class='ocrx_word' id='word_1_182' title='bbox 1039 3077 1148 3156; x_wconf 91' lang='lat' dir='ltr'><strong>etqui</strong></span> <span class='ocrx_word' id='word_1_183' title='bbox 1163 3095 1240 3138; x_wconf 85' lang='lat' dir='ltr'><strong>eum</strong></span> <span class='ocrx_word' id='word_1_184' title='bbox 1259 3095 1319 3139; x_wconf 90' lang='lat' dir='ltr'><strong>va-</strong></span> 
     </span>
     <span class='ocr_line' id='line_1_28' title="bbox 372 3172 1320 3257; baseline 0.001 -22"><span class='ocrx_word' id='word_1_185' title='bbox 372 3172 511 3237; x_wconf 85' lang='lat' dir='ltr'><strong>deretur</strong></span> <span class='ocrx_word' id='word_1_186' title='bbox 524 3183 559 3237; x_wconf 88' lang='lat' dir='ltr'><strong>et</strong></span> <span class='ocrx_word' id='word_1_187' title='bbox 575 3174 727 3251; x_wconf 90' lang='lat' dir='ltr'><strong>decima;</strong></span> <span class='ocrx_word' id='word_1_188' title='bbox 741 3174 800 3255; x_wconf 93' lang='lat' dir='ltr'><strong>qui</strong></span> <span class='ocrx_word' id='word_1_189' title='bbox 813 3194 895 3237; x_wconf 91' lang='lat' dir='ltr'><strong>vero</strong></span> <span class='ocrx_word' id='word_1_190' title='bbox 911 3173 1105 3257; x_wconf 90' lang='lat' dir='ltr'><strong>hujusmodi</strong></span> <span class='ocrx_word' id='word_1_191' title='bbox 1118 3175 1238 3237; x_wconf 92' lang='lat' dir='ltr'><strong>vadem</strong></span> <span class='ocrx_word' id='word_1_192' title='bbox 1251 3195 1320 3237; x_wconf 89' lang='lat' dir='ltr'><strong>nou</strong></span> 
     </span>
    </p>
   </div>
   <div class='ocr_carea' id='block_1_3' title="bbox 366 3385 1322 4290">
    <p class='ocr_par' dir='ltr' id='par_1_3' title="bbox 370 3385 1322 3870">
     <span class='ocr_line' id='line_1_29' title="bbox 407 3385 1322 3456; baseline 0.003 -17"><span class='ocrx_word' id='word_1_193' title='bbox 407 3387 414 3419; x_wconf 91' lang='lat'>¹</span> <span class='ocrx_word' id='word_1_194' title='bbox 433 3385 568 3456; x_wconf 65' lang='lat' dir='ltr'><strong>Limenia]</strong></span> <span class='ocrx_word' id='word_1_195' title='bbox 596 3392 702 3453; x_wconf 87' lang='lat' dir='ltr'><strong>Limine,</strong></span> <span class='ocrx_word' id='word_1_196' title='bbox 714 3392 834 3441; x_wconf 65' lang='grc' dir='ltr'><strong>1,.-Τ11ε</strong></span> <span class='ocrx_word' id='word_1_197' title='bbox 894 3390 1077 3441; x_wconf 71' lang='lat' dir='ltr'><strong>‘Munitiouem</strong></span> <span class='ocrx_word' id='word_1_198' title='bbox 1096 3393 1144 3441; x_wconf 78' lang='lat' dir='ltr'><strong>sihi</strong></span> <span class='ocrx_word' id='word_1_199' title='bbox 1164 3394 1188 3440; x_wconf 78' lang='lat' dir='ltr'><strong>iu</strong></span> <span class='ocrx_word' id='word_1_200' title='bbox 1205 3393 1263 3442; x_wconf 74' lang='lat' dir='ltr'><strong>villo</strong></span> <span class='ocrx_word' id='word_1_201' title='bbox 1283 3411 1322 3442; x_wconf 89' lang='lat' dir='ltr'><strong>re-</strong></span> 
     </span>
     <span class='ocr_line' id='line_1_30' title="bbox 372 3457 1321 3529; baseline 0.003 -21"><span class='ocrx_word' id='word_1_202' title='bbox 372 3460 474 3515; x_wconf 83' lang='lat' dir='ltr'><strong>Rother.</strong></span> <span class='ocrx_word' id='word_1_203' title='bbox 497 3475 526 3509; x_wconf 91' lang='lat' dir='ltr'><strong>or</strong></span> <span class='ocrx_word' id='word_1_204' title='bbox 550 3461 677 3521; x_wconf 79' lang='lat' dir='ltr'><strong>aowtuer,</strong></span> <span class='ocrx_word' id='word_1_205' title='bbox 700 3462 755 3510; x_wconf 85' lang='lat' dir='ltr'><strong>that</strong></span> <span class='ocrx_word' id='word_1_206' title='bbox 777 3477 834 3510; x_wconf 86' lang='lat' dir='ltr'><strong>now</strong></span> <span class='ocrx_word' id='word_1_207' title='bbox 857 3463 975 3526; x_wconf 59' lang='lat' dir='ltr'><strong>gimpae</strong></span> <span class='ocrx_word' id='word_1_208' title='bbox 987 3457 1161 3529; x_wconf 64' lang='lat' dir='ltr'><strong>Mtddeltorm]</strong></span> <span class='ocrx_word' id='word_1_209' title='bbox 1181 3464 1280 3524; x_wconf 87' lang='lat' dir='ltr'><strong>Milton,</strong></span> <span class='ocrx_word' id='word_1_210' title='bbox 1292 3480 1321 3513; x_wconf 92' lang='lat' dir='ltr'><strong>or</strong></span> 
     </span>
     <span class='ocr_line' id='line_1_31' title="bbox 371 3529 1321 3596; baseline 0.003 -18"><span class='ocrx_word' id='word_1_211' title='bbox 371 3531 477 3591; x_wconf 82' lang='lat' dir='ltr'><strong>empties</strong></span> <span class='ocrx_word' id='word_1_212' title='bbox 489 3529 561 3577; x_wconf 84' lang='lat' dir='ltr'><strong>itsels</strong></span> <span class='ocrx_word' id='word_1_213' title='bbox 569 3532 621 3578; x_wconf 88' lang='lat' dir='ltr'><strong>into</strong></span> <span class='ocrx_word' id='word_1_214' title='bbox 633 3529 675 3578; x_wconf 85' lang='lat' dir='ltr'><strong>the</strong></span> <span class='ocrx_word' id='word_1_215' title='bbox 683 3537 760 3579; x_wconf 72' lang='lat' dir='ltr'><strong>seam</strong></span> <span class='ocrx_word' id='word_1_216' title='bbox 769 3532 835 3594; x_wconf 85' lang='lat' dir='ltr'><strong>Rye,</strong></span> <span class='ocrx_word' id='word_1_217' title='bbox 859 3533 1018 3589; x_wconf 87' lang='lat' dir='ltr'><strong>Middleton;</strong></span> <span class='ocrx_word' id='word_1_218' title='bbox 1035 3538 1077 3580; x_wconf 89' lang='lat' dir='ltr'><strong>not</strong></span> <span class='ocrx_word' id='word_1_219' title='bbox 1088 3532 1127 3580; x_wconf 82' lang='lat' dir='ltr'><strong>lar</strong></span> <span class='ocrx_word' id='word_1_220' title='bbox 1137 3532 1199 3580; x_wconf 82' lang='lat' dir='ltr'><strong>irum</strong></span> <span class='ocrx_word' id='word_1_221' title='bbox 1217 3535 1321 3596; x_wconf 76' lang='lat' dir='ltr'><strong>Sittiug·</strong></span> 
     </span>
     <span class='ocr_line' id='line_1_32' title="bbox 372 3599 1321 3662; baseline 0.005 -15"><span class='ocrx_word' id='word_1_222' title='bbox 372 3599 501 3659; x_wconf 83' lang='lat' dir='ltr'><strong>bulthen,</strong></span> <span class='ocrx_word' id='word_1_223' title='bbox 524 3613 552 3647; x_wconf 88' lang='lat' dir='ltr'><strong>as</strong></span> <span class='ocrx_word' id='word_1_224' title='bbox 577 3600 679 3648; x_wconf 85' lang='lat' dir='ltr'><strong>Hearue</strong></span> <span class='ocrx_word' id='word_1_225' title='bbox 698 3615 833 3662; x_wconf 86' lang='lat' dir='ltr'><strong>supposes,</strong></span> <span class='ocrx_word' id='word_1_226' title='bbox 858 3603 961 3651; x_wconf 86' lang='lat' dir='ltr'><strong>bourne.</strong></span> <span class='ocrx_word' id='word_1_227' title='bbox 996 3603 1050 3651; x_wconf 86' lang='lat' dir='ltr'><strong>The</strong></span> <span class='ocrx_word' id='word_1_228' title='bbox 1061 3604 1109 3650; x_wconf 86' lang='lat' dir='ltr'><strong>site</strong></span> <span class='ocrx_word' id='word_1_229' title='bbox 1124 3602 1153 3650; x_wconf 84' lang='lat' dir='ltr'><strong>os</strong></span> <span class='ocrx_word' id='word_1_230' title='bbox 1166 3602 1235 3651; x_wconf 85' lang='lat' dir='ltr'><strong>these</strong></span> <span class='ocrx_word' id='word_1_231' title='bbox 1250 3603 1321 3652; x_wconf 79' lang='lat' dir='ltr'><strong>forti·</strong></span> 
     </span>
     <span class='ocr_line' id='line_1_33' title="bbox 370 3668 1320 3729; baseline 0.004 -12"><span class='ocrx_word' id='word_1_232' title='bbox 370 3684 425 3717; x_wconf 82' lang='lat' dir='ltr'><strong>was</strong></span> <span class='ocrx_word' id='word_1_233' title='bbox 442 3675 469 3716; x_wconf 84' lang='lat' dir='ltr'><strong>at</strong></span> <span class='ocrx_word' id='word_1_234' title='bbox 488 3668 555 3717; x_wconf 84' lang='lat' dir='ltr'><strong>Nevv</strong></span> <span class='ocrx_word' id='word_1_235' title='bbox 573 3670 708 3729; x_wconf 83' lang='lat' dir='ltr'><strong>llomney;</strong></span> <span class='ocrx_word' id='word_1_236' title='bbox 734 3671 834 3719; x_wconf 89' lang='lat' dir='ltr'><strong>consult</strong></span> <span class='ocrx_word' id='word_1_237' title='bbox 858 3673 970 3719; x_wconf 84' lang='lat' dir='ltr'><strong>fications</strong></span> <span class='ocrx_word' id='word_1_238' title='bbox 983 3673 1004 3720; x_wconf 88' lang='lat' dir='ltr'><strong>is</strong></span> <span class='ocrx_word' id='word_1_239' title='bbox 1016 3672 1068 3720; x_wconf 88' lang='lat' dir='ltr'><strong>still</strong></span> <span class='ocrx_word' id='word_1_240' title='bbox 1080 3673 1169 3720; x_wconf 88' lang='lat' dir='ltr'><strong>visihle</strong></span> <span class='ocrx_word' id='word_1_241' title='bbox 1184 3687 1215 3719; x_wconf 92' lang='lat' dir='ltr'><strong>on</strong></span> <span class='ocrx_word' id='word_1_242' title='bbox 1230 3673 1320 3721; x_wconf 74' lang='lat' dir='ltr'><strong>liemc-</strong></span> 
     </span>
     <span class='ocr_line' id='line_1_34' title="bbox 370 3739 1320 3805; baseline 0.005 -19"><span class='ocrx_word' id='word_1_243' title='bbox 370 3739 409 3786; x_wconf 84' lang='lat' dir='ltr'><strong>his</strong></span> <span class='ocrx_word' id='word_1_244' title='bbox 427 3745 484 3786; x_wconf 87' lang='lat' dir='ltr'><strong>uote</strong></span> <span class='ocrx_word' id='word_1_245' title='bbox 502 3739 527 3784; x_wconf 89' lang='lat' dir='ltr'><strong>iu</strong></span> <span class='ocrx_word' id='word_1_246' title='bbox 546 3739 640 3799; x_wconf 87' lang='lat' dir='ltr'><strong>Spelm.</strong></span> <span class='ocrx_word' id='word_1_247' title='bbox 661 3739 704 3787; x_wconf 83' lang='lat' dir='ltr'><strong>lise</strong></span> <span class='ocrx_word' id='word_1_248' title='bbox 721 3740 751 3787; x_wconf 84' lang='lat' dir='ltr'><strong>ol</strong></span> <span class='ocrx_word' id='word_1_249' title='bbox 765 3740 833 3791; x_wconf 79' lang='lat' dir='ltr'><strong>heis.</strong></span> <span class='ocrx_word' id='word_1_250' title='bbox 857 3742 898 3802; x_wconf 84' lang='lat' dir='ltr'><strong>ley</strong></span> <span class='ocrx_word' id='word_1_251' title='bbox 910 3742 1007 3799; x_wconf 85' lang='lat' dir='ltr'><strong>Dowu;</strong></span> <span class='ocrx_word' id='word_1_252' title='bbox 1029 3742 1137 3803; x_wconf 85' lang='lat' dir='ltr'><strong>Hastcd,</strong></span> <span class='ocrx_word' id='word_1_253' title='bbox 1155 3742 1224 3790; x_wconf 87' lang='lat' dir='ltr'><strong>Hist.</strong></span> <span class='ocrx_word' id='word_1_254' title='bbox 1243 3743 1320 3805; x_wconf 70' lang='lat' dir='ltr'><strong>licut,</strong></span> 
     </span>
     <span class='ocr_line' id='line_1_35' title="bbox 370 3811 992 3870; baseline 0.005 -15"><span class='ocrx_word' id='word_1_255' title='bbox 370 3824 397 3868; x_wconf 89' lang='lat' dir='ltr'><strong>p.</strong></span> <span class='ocrx_word' id='word_1_256' title='bbox 409 3811 451 3856; x_wconf 85' lang='grc'><strong>78.</strong></span> <span class='ocrx_word' id='word_1_257' title='bbox 857 3811 885 3859; x_wconf 91' lang='lat' dir='ltr'><strong>ii.</strong></span> <span class='ocrx_word' id='word_1_258' title='bbox 897 3825 922 3870; x_wconf 90' lang='lat' dir='ltr'><strong>p.</strong></span> <span class='ocrx_word' id='word_1_259' title='bbox 935 3815 992 3859; x_wconf 76' lang='lat'><strong>031.</strong></span> 
     </span>
    </p>

    <p class='ocr_par' dir='ltr' id='par_1_4' title="bbox 369 3873 1320 4010">
     <span class='ocr_line' id='line_1_36' title="bbox 403 3873 1320 3942; baseline 0.008 -19"><span class='ocrx_word' id='word_1_260' title='bbox 403 3873 621 3926; x_wconf 73' lang='lat' dir='ltr'><strong>¹Aodrederroald.</strong></span> <span class='ocrx_word' id='word_1_261' title='bbox 645 3877 656 3941; x_wconf 95' lang='lat'>]</span> <span class='ocrx_word' id='word_1_262' title='bbox 686 3878 833 3927; x_wconf 84' lang='lat' dir='ltr'><strong>Androdes·</strong></span> <span class='ocrx_word' id='word_1_263' title='bbox 891 3877 1320 3942; x_wconf 65' lang='lat' dir='ltr'><strong>‘Et,atquidamossmnt.]Cice-</strong></span> 
     </span>
     <span class='ocr_line' id='line_1_37' title="bbox 369 3946 1318 4010; baseline 0.006 -15"><span class='ocrx_word' id='word_1_264' title='bbox 369 3946 462 4006; x_wconf 81' lang='lat' dir='ltr'><strong>weald,</strong></span> <span class='ocrx_word' id='word_1_265' title='bbox 474 3946 505 3994; x_wconf 79' lang='lat'><strong>1..</strong></span> <span class='ocrx_word' id='word_1_266' title='bbox 856 3964 892 4009; x_wconf 89' lang='lat' dir='ltr'><strong>ro,</strong></span> <span class='ocrx_word' id='word_1_267' title='bbox 911 3949 984 3998; x_wconf 85' lang='lat' dir='ltr'><strong>Orat.</strong></span> <span class='ocrx_word' id='word_1_268' title='bbox 1004 3965 1049 4010; x_wconf 88' lang='lat' dir='ltr'><strong>pro</strong></span> <span class='ocrx_word' id='word_1_269' title='bbox 1070 3951 1175 4009; x_wconf 81' lang='lat' dir='ltr'><strong>Milone,</strong></span> <span class='ocrx_word' id='word_1_270' title='bbox 1194 3950 1227 3999; x_wconf 90' lang='lat' dir='ltr'><strong>iv.</strong></span> <span class='ocrx_word' id='word_1_271' title='bbox 1264 3952 1318 4001; x_wconf 85' lang='lat' dir='ltr'><strong>The</strong></span> 
     </span>
    </p>

    <p class='ocr_par' dir='ltr' id='par_1_5' title="bbox 366 4014 1318 4290">
     <span class='ocr_line' id='line_1_38' title="bbox 403 4014 1317 4079; baseline 0.004 -15"><span class='ocrx_word' id='word_1_272' title='bbox 403 4014 581 4078; x_wconf 76' lang='lat' dir='ltr'><strong>’Appellre.]</strong></span> <span class='ocrx_word' id='word_1_273' title='bbox 617 4017 742 4079; x_wconf 85' lang='lat' dir='ltr'><strong>Apuldre,</strong></span> <span class='ocrx_word' id='word_1_274' title='bbox 770 4019 831 4067; x_wconf 80' lang='lat' dir='ltr'><strong>Sex.</strong></span> <span class='ocrx_word' id='word_1_275' title='bbox 855 4018 1091 4067; x_wconf 81' lang='lat' dir='ltr'><strong>remainderolthis</strong></span> <span class='ocrx_word' id='word_1_276' title='bbox 1103 4020 1229 4067; x_wconf 84' lang='lat' dir='ltr'><strong>sectionis</strong></span> <span class='ocrx_word' id='word_1_277' title='bbox 1241 4021 1317 4068; x_wconf 80' lang='lat' dir='ltr'><strong>talen</strong></span> 
     </span>
     <span class='ocr_line' id='line_1_39' title="bbox 367 4085 1318 4151; baseline 0.003 -17"><span class='ocrx_word' id='word_1_278' title='bbox 367 4085 459 4134; x_wconf 88' lang='lat' dir='ltr'><strong>Chron.</strong></span> <span class='ocrx_word' id='word_1_279' title='bbox 468 4102 475 4144; x_wconf 89' lang='lat'><strong>;</strong></span> <span class='ocrx_word' id='word_1_280' title='bbox 485 4085 617 4147; x_wconf 79' lang='lat' dir='ltr'><strong>Apultrea,</strong></span> <span class='ocrx_word' id='word_1_281' title='bbox 626 4086 745 4135; x_wconf 82' lang='lat' dir='ltr'><strong>Florence</strong></span> <span class='ocrx_word' id='word_1_282' title='bbox 755 4104 762 4147; x_wconf 78' lang='lat'>3</span> <span class='ocrx_word' id='word_1_283' title='bbox 774 4103 831 4135; x_wconf 86' lang='lat' dir='ltr'><strong>now</strong></span> <span class='ocrx_word' id='word_1_284' title='bbox 854 4087 917 4135; x_wconf 82' lang='lat' dir='ltr'><strong>from</strong></span> <span class='ocrx_word' id='word_1_285' title='bbox 936 4089 1103 4149; x_wconf 85' lang='lat' dir='ltr'><strong>lllnlmsbury,</strong></span> <span class='ocrx_word' id='word_1_286' title='bbox 1120 4086 1133 4151; x_wconf 86' lang='lat'>§</span> <span class='ocrx_word' id='word_1_287' title='bbox 1151 4092 1205 4136; x_wconf 74' lang='lat'><strong>1²2.</strong></span> <span class='ocrx_word' id='word_1_288' title='bbox 1243 4091 1318 4137; x_wconf 81' lang='lat' dir='ltr'><strong>t&#39;om·</strong></span> 
     </span>
     <span class='ocr_line' id='line_1_40' title="bbox 366 4155 1316 4218; baseline 0.004 -15"><span class='ocrx_word' id='word_1_289' title='bbox 366 4156 522 4216; x_wconf 86' lang='lat' dir='ltr'><strong>Appledore‚</strong></span> <span class='ocrx_word' id='word_1_290' title='bbox 533 4156 573 4203; x_wconf 81' lang='lat' dir='ltr'><strong>six</strong></span> <span class='ocrx_word' id='word_1_291' title='bbox 591 4155 663 4203; x_wconf 86' lang='lat' dir='ltr'><strong>miles</strong></span> <span class='ocrx_word' id='word_1_292' title='bbox 678 4156 742 4204; x_wconf 84' lang='lat' dir='ltr'><strong>lrom</strong></span> <span class='ocrx_word' id='word_1_293' title='bbox 755 4158 831 4205; x_wconf 85' lang='lat' dir='ltr'><strong>Rom·</strong></span> <span class='ocrx_word' id='word_1_294' title='bbox 855 4173 915 4218; x_wconf 86' lang='lat' dir='ltr'><strong>pure</strong></span> <span class='ocrx_word' id='word_1_295' title='bbox 928 4157 1013 4218; x_wconf 83' lang='lat' dir='ltr'><strong>Certe,</strong></span> <span class='ocrx_word' id='word_1_296' title='bbox 1031 4159 1099 4208; x_wconf 86' lang='lat' dir='ltr'><strong>Hist.</strong></span> <span class='ocrx_word' id='word_1_297' title='bbox 1117 4159 1134 4206; x_wconf 91' lang='lat' dir='ltr'><strong>i.</strong></span> <span class='ocrx_word' id='word_1_298' title='bbox 1148 4173 1172 4217; x_wconf 88' lang='lat' dir='ltr'><strong>p.</strong></span> <span class='ocrx_word' id='word_1_299' title='bbox 1186 4160 1242 4218; x_wconf 78' lang='lat'><strong>³⁰9,</strong></span> <span class='ocrx_word' id='word_1_300' title='bbox 1254 4160 1316 4207; x_wconf 85' lang='lat' dir='ltr'><strong>with</strong></span> 
     </span>
     <span class='ocr_line' id='line_1_41' title="bbox 366 4228 1170 4290; baseline 0.004 -18"><span class='ocrx_word' id='word_1_301' title='bbox 366 4239 425 4285; x_wconf 84' lang='lat' dir='ltr'><strong>ney.</strong></span> <span class='ocrx_word' id='word_1_302' title='bbox 855 4228 1000 4288; x_wconf 77' lang='lat' dir='ltr'><strong>spelman&#39;s</strong></span> <span class='ocrx_word' id='word_1_303' title='bbox 1010 4228 1064 4289; x_wconf 80' lang='lat' dir='ltr'><strong>lise,</strong></span> <span class='ocrx_word' id='word_1_304' title='bbox 1075 4245 1101 4290; x_wconf 90' lang='lat' dir='ltr'><strong>p.</strong></span> <span class='ocrx_word' id='word_1_305' title='bbox 1114 4231 1170 4276; x_wconf 83' lang='lat'><strong>108.</strong></span> 
     </span>
    </p>
   </div>
   <div class='ocr_carea' id='block_1_4' title="bbox 0 0 1448 4852">
    <p class='ocr_par' dir='ltr' id='par_1_6' title="bbox 0 0 1448 4852">
     <span class='ocr_line' id='line_1_42' title="bbox 0 0 1448 4852; baseline 0 0"><span class='ocrx_word' id='word_1_306' title='bbox 0 0 1448 4852; x_wconf 95' lang='lat' dir='ltr'><strong> </strong></span> 
     </span>
    </p>
   </div>
  </div>
 </body>
</html>
