2888 4852
359 399 424 464 130
620 412 753 460 nocent
779 411 825 458 os
848 411 1055 460 wsvuovsn

363 649 413 714 Da
425 670 536 734 papae
552 648 632 711 inter
655 667 752 733 rapam
767 641 1110 711 Nortltonlomlroram
1124 641 1319 706 Eudaimon

547 758 575 813 ct
592 747 831 825 Oadwolloaem,
847 767 945 832 repam
959 743 1136 809 Britonum.

202 892 313 933 noan.
416 871 521 937 Anno
543 872 666 953 gratiae
690 887 896 946 ncxxxnl„
911 863 1006 934 ¹orta
1029 867 1202 933 discordia
1227 869 1320 931 inter

203 944 353 1033 lddllllil
367 992 484 1055 regem
508 971 712 1035 Eadwinum
728 978 763 1034 et
781 970 1038 1035 Cadwallonem
1058 988 1175 1052 regem
1197 968 1315 1032 Brito·

203 1043 314 1083 ⁰⁸⁶''n‘''
368 1094 463 1149 num,
479 1079 713 1136 convenerunt
732 1071 775 1135 ad
800 1071 957 1152 praelium
974 1077 1021 1148 et,
1039 1069 1132 1135 iacto
1151 1087 1316 1151 congres-

369 1194 423 1251 su,
441 1171 620 1238 Cadwallo
647 1171 755 1235 millia
778 1190 919 1236 suorum
936 1171 1052 1235 amisit
1075 1176 1111 1234 et
1135 1170 1171 1233 in
1197 1169 1316 1251 fugam

368 1292 556 1340 conversus
578 1280 643 1336 est.
695 1272 835 1335 Potitus
867 1273 986 1355 itaque
1007 1269 1154 1335 victoria
1178 1269 1317 1333 Eadwi-

369 1394 447 1452 nuS,
469 1373 572 1437 duxit
586 1373 775 1436 exercitum
801 1391 901 1435 suum
926 1391 988 1455 per
1014 1371 1210 1454 provincias
1237 1369 1318 1433 Bri·

369 1482 489 1540 tonum
515 1481 550 1537 et
571 1473 639 1537 tria
666 1492 784 1536 eorum
807 1492 927 1553 regna,
951 1472 1124 1535 Demeciae
1144 1470 1318 1546 videlicet,

371 1572 580 1639 Venedociae
617 1580 653 1637 et
685 1573 869 1650 Meneviae‚
897 1571 1087 1636 combustis
1112 1571 1255 1635 urbibus
1283 1576 1319 1633 et

370 1674 501 1741 colonis
527 1673 723 1750 destructis,
750 1692 866 1737 omnes
895 1673 1031 1737 illorum
1064 1671 1262 1755 provincias
1283 1669 1320 1732 in

372 1794 437 1839 sua
455 1775 537 1859 jura
564 1773 705 1856 recepit.
759 1771 937 1836 Cadwallo
962 1779 1090 1849 autem,
1113 1771 1227 1855 quiin
1253 1769 1320 1833 Hi-

371 1874 526 1939 berniam
543 1873 738 1954 aufugerat,
753 1873 930 1937 resociatis
946 1872 1096 1936 catervis
1112 1871 1198 1948 suis,
1217 1888 1322 1935 cona·

373 1976 478 2040 batur
507 1993 642 2056 semper
672 1974 707 2036 in
739 1973 888 2056 patriam
913 1972 1052 2049 reverti,
1080 1992 1144 2036 nec
1172 1978 1322 2054 poterat,

374 2076 458 2157 quia
479 2073 766 2156 quandocumque
799 2073 835 2136 in
864 2080 966 2155 portu
994 2072 1113 2155 aliquo
1147 2073 1323 2155 applicare

374 2175 571 2256 incipiebat,
600 2173 755 2237 obviavit
783 2172 833 2236 illi
861 2172 1047 2236 Eadwinus
1079 2180 1114 2238 ct
1142 2172 1322 2237 introitum

373 2275 580 2357 denegabat,
619 2273 740 2337 habuit
774 2293 921 2355 namque
953 2273 1140 2338 Eadwinus
1173 2273 1321 2337 astrolo-

375 2394 457 2457 gum
474 2374 657 2456 quendam,
675 2374 812 2437 nomine
829 2373 1004 2450 Pellitum‚
1022 2374 1081 2456 qui
1096 2372 1274 2438 indicabat
1291 2373 1323 2436 ei

269 2477 271 2480 ’
374 2474 491 2540 omnia
514 2494 592 2556 qnae
613 2474 751 2538 fiebant.
803 2472 982 2539 Cadwallo
997 2494 1080 2539 vero
1102 2473 1138 2537 in
1160 2474 1323 2555 despera-

374 2576 503 2639 tionem
532 2593 652 2638 versus
680 2574 790 2638 adivit
814 2595 931 2655 regem
959 2575 1177 2639 Salomonem
1199 2575 1236 2637 in
1258 2574 1323 2637 mi·

375 2694 492 2738 norem
515 2674 733 2739 Britanniam
751 2681 786 2739 et
802 2675 846 2738 ab
863 2675 924 2739 illo
945 2684 1142 2740 reverenter
1164 2682 1324 2757 receptus

375 2783 448 2853 est3
474 2782 610 2839 etcum
635 2794 774 2838 causam
800 2773 969 2839 adventus
992 2776 1067 2860 ejus
1091 2777 1324 2858 cognovisset,

376 2875 544 2940 auxilium
571 2883 605 2939 et
624 2875 806 2939 consilium
829 2876 861 2939 ei
883 2877 1052 2959 promisit.
1103 2876 1203 2941 Tunc
1232 2876 1325 2941 Gad-

376 2976 479 3040 wallo
494 2976 671 3039 Salomoni
693 2977 735 3038 de
754 2976 932 3058 astrologo
949 2975 1108 3041 Eadwini
1130 2977 1247 3041 omnia
1270 2996 1323 3040 re-

377 3075 503 3152 ferens,
525 3075 620 3139 dedit
640 3075 820 3139 consilium
843 3085 883 3140 ut
905 3076 1029 3158 aliquis
1044 3078 1099 3141 vir
1116 3077 1267 3161 prudens
1288 3085 1325 3140 et

377 3176 493 3238 audax
519 3174 554 3238 in
582 3176 702 3239 habitu
726 3177 908 3258 peregrino
939 3179 1144 3254 mitteretur,
1168 3179 1227 3261 qui
1252 3195 1326 3240 ma-

377 3295 459 3356 gum
486 3275 582 3337 illum
602 3275 794 3339 interficere
813 3284 1013 3342 attentaret.
1068 3277 1207 3342 Placuit
1233 3276 1326 3341 Cad-

377 3373 518 3437 walloni
548 3375 740 3452 consilium,
768 3376 918 3441 stillico
943 3378 1060 3460 nepoti
1083 3397 1158 3455 suo,
1188 3376 1326 3442 nomine

379 3473 519 3550 Rrieno,
546 3474 610 3538 hoc
638 3494 725 3538 onus
752 3475 928 3558 imposuit,
952 3478 1024 3559 qui,
1052 3478 1234 3561 praeceptis
1263 3477 1326 3542 do·

378 3574 462 3637 mini
491 3574 666 3652 obediere,
688 3575 789 3659 jussa
819 3576 961 3659 implere
990 3579 1200 3657 maturavit3
1231 3577 1325 3643 deni-

378 3694 445 3757 que
467 3673 622 3738 babitum
649 3675 822 3758 peregrini
845 3678 1048 3761 suscipiens
1071 3678 1232 3742 baculum
1257 3678 1326 3743 ser·

378 3794 473 3838 reum
488 3781 701 3856 praeaeutum
718 3776 912 3855 fabricavit,
927 3798 1044 3859 peram
1062 3778 1104 3843 ad
1119 3779 1212 3843 latus
1223 3779 1327 3843 sinis·

413 3996 421 4029 ¹
444 4001 507 4048 Orto
529 4002 649 4050 discordia
672 4003 736 4052 inter
758 4021 839 4067 regem
865 4007 894 4056 of
901 4008 943 4056 the
956 4022 1086 4057 successes
1104 4009 1134 4057 oi
1147 4010 1256 4059 Eadwin
1267 4026 1329 4061 over

378 4070 523 4119 Eadwinam
534 4076 558 4119 et
570 4074 768 4138 Codwalbnem]
782 4077 806 4124 lt
818 4079 839 4125 is
866 4078 1007 4140 cadwalla,
1026 4080 1060 4139 by
1079 4080 1121 4127 the
1140 4081 1182 4128 aid
1199 4080 1229 4129 oi
1249 4081 1329 4130 Pelli-

377 4142 490 4201 scsrcely
498 4156 631 4204 necessary
639 4149 665 4191 to
673 4147 777 4193 observe
786 4146 840 4195 that
865 4153 916 4210 tus,
927 4148 988 4197 from
1001 4149 1076 4199 Geor.
1087 4151 1245 4208 Moumoutb,
1258 4153 1327 4203 Hiet.

377 4210 520 4259 Wendover
530 4212 576 4260 has
587 4213 664 4262 taken
683 4214 722 4263 his
734 4222 841 4265 account
865 4219 910 4267 xii.
922 4223 947 4279 t,
957 4234 1021 4282 seqq.
