2888 4852
414 422 554 473 rnonss
579 424 848 473 ursrorunnuu.
1042 412 1108 477 287

156 600 242 662 rogo
276 601 340 645 vos
373 602 435 664 per
461 590 619 647 materna
647 585 766 661 ubera,
797 592 837 647 ut
866 601 944 647 mea
966 586 1108 648 tentetis

154 681 317 745 alleviare
339 688 538 762 tormenta3
566 685 692 747 insuite
714 704 769 746 me
791 683 987 747 defunctam
1014 683 1107 747 corio

155 781 307 854 cervino.
333 800 373 845 ac
399 782 521 846 deinde
551 784 586 846 in
615 783 830 865 sarcophago
861 782 999 865 lapideo
1027 802 1108 866 sup-

154 879 285 962 ponite,
311 880 579 963 operculumque
601 882 692 946 lerro
715 890 749 945 et
771 883 912 964 plumbo
935 883 1106 945 constrin-

155 979 239 1060 gite,
257 999 298 1043 ac
315 979 451 1043 demum
474 980 622 1064 lapidem
645 983 754 1044 tribus
775 981 906 1044 catenis
930 979 1048 1044 ferreis
1072 989 1108 1044 et

154 1076 351 1142 fortissimis
381 1081 646 1156 circumdantes,
678 1080 820 1145 clericos
853 1081 1106 1164 quinquaginta

155 1177 366 1259 psalmorum
383 1188 543 1244 cantores
563 1188 597 1244 et
618 1187 671 1243 tot
695 1200 757 1263 per
773 1187 844 1244 tres
868 1180 941 1243 dies
963 1181 1106 1262 presby·

154 1283 248 1340 toros
264 1278 447 1341 missarum
463 1279 692 1343 celebratores
707 1279 893 1361 applicate,
906 1279 965 1361 qui
976 1278 1106 1342 feroces

155 1375 309 1457 levigent
337 1377 613 1443 adversariorum
641 1379 821 1456 incursus;
854 1378 905 1441 ita
936 1379 966 1440 si
996 1379 1107 1441 tribus

155 1476 313 1540 noctibus
336 1496 458 1541 secura
477 1477 634 1561 jacuero,
658 1484 782 1559 quarto
805 1477 860 1539 die
885 1497 939 1539 me
961 1475 1106 1541 infodite

155 1572 283 1639 bumo’
328 1577 543 1660 Factumque
560 1584 614 1640 est
637 1583 677 1640 ut
696 1584 907 1659 praeceperat
928 1576 1022 1654 illis;
1045 1576 1106 1639 sed

154 1674 376 1756 prohdolor!
399 1676 448 1739 nil
470 1696 601 1759 preces,
617 1677 666 1739 nil
685 1675 884 1760 lachrymae,
905 1675 954 1739 nil
969 1674 1104 1738 demum

154 1772 295 1837 valuere
316 1782 460 1839 catenae.
513 1775 640 1838 Primis
665 1776 756 1839 enim
778 1775 912 1838 duabus
934 1775 1105 1852 noctibus,

155 1892 234 1936 cum
262 1874 358 1938 chori
385 1875 606 1957 psallentium
630 1875 765 1956 corpori
792 1874 1018 1950 adsistebant,
1045 1874 1106 1937 ad·

155 1973 334 2037 venientes
350 1974 523 2037 daemones
539 1975 665 2037 ostium
685 1973 839 2037 ecclesiae
862 1973 1107 2054 confregerunt

155 2071 288 2152 ingenti
312 2074 408 2136 obice
431 2072 598 2149 clausum,
621 2081 863 2154 extremasque
882 2080 1024 2135 catenas
1046 2090 1105 2134 ne-

155 2170 251 2250 gotio
273 2171 343 2234 levi
360 2172 582 2255 dirumpunt;
605 2171 718 2234 media
740 2179 868 2247 autem,
883 2190 961 2254 quae
984 2170 1106 2233 fortior

157 2277 243 2345 erat,
257 2269 392 2334 illibata
406 2273 576 2335 manebat.
616 2271 738 2334 Tertia
753 2277 868 2334 autem
884 2277 997 2345 nocte,
1012 2269 1106 2333 eirca

155 2367 380 2448 gallicinium,
396 2370 543 2452 strepitu
556 2368 706 2433 hostiurn
723 2370 984 2434 adventantium
1004 2388 1106 2432 omne

155 2469 400 2532 monasterium
422 2470 536 2533 visum
568 2478 622 2535 est
655 2488 677 2533 a
699 2468 925 2533 fundamento
953 2468 1103 2546 moveri3

156 2586 244 2629 unus
265 2587 347 2648 ergo
369 2568 576 2643 daemonum,
592 2576 627 2633 et
642 2569 742 2632 vultu
760 2569 895 2634 caeteris
921 2566 1105 2632 terribilior

156 2674 192 2729 et
220 2673 356 2730 statura
384 2668 601 2744 eminentior,
629 2667 759 2751 Januas
788 2668 943 2732 ecclesiae
973 2667 1104 2748 impetu

156 2764 308 2829 violento
338 2784 525 2829 concussas
554 2767 590 2829 in
612 2765 808 2847 fragmenta
837 2766 987 2849 dejecit;
1023 2764 1105 2827 diri-

155 2870 305 2945 guerunt
329 2864 444 2928 clerici
470 2884 548 2928 cum
576 2864 687 2941 laicis,
710 2872 805 2928 metu
829 2870 1000 2928 steterunt
1028 2883 1101 2926 om·

155 2963 251 3026 nium
281 2962 409 3046 capilli,
438 2972 474 3027 et
504 2963 714 3046 psalmorum
746 2970 934 3028 concentus
966 2961 1102 3026 defecit.

156 3062 303 3126 Daemon
330 3082 413 3144 ergo
437 3070 550 3144 gestu,
578 3070 617 3126 ut
640 3062 832 3138 videbatur,
858 3062 1035 3142 arroganti
1058 3061 1103 3125 ad

155 3162 375 3244 sepulchrum
390 3161 569 3238 accedens,
583 3169 618 3225 et
632 3181 756 3225 nomen
774 3161 926 3225 mulieris
937 3160 1102 3224 ineditum

154 3261 385 3342 ingeminans,
398 3281 540 3343 surgere
553 3261 736 3341 imperavit
749 3281 758 3339 3
776 3280 846 3344 qua
863 3260 1104 3343 respondente,

157 3361 248 3443 quod
267 3363 423 3443 nequiret
437 3381 500 3443 pro
515 3361 663 3424 vinculis
679 3381 688 3439 ;
712 3365 722 3393 ‘
737 3360 760 3424 J
764 3379 819 3424 am
842 3361 934 3423 malo
950 3359 1036 3432 tuo‚'
1051 3360 1103 3423 in·

156 3459 243 3542 quit,
262 3459 452 3526 ‘solveris’
504 3460 550 3523 Et
573 3461 730 3542 protinus
748 3468 917 3535 catenam,
934 3478 1012 3541 quae
1035 3478 1104 3523 cae-

155 3565 306 3623 terorum
321 3559 484 3623 ferociam
493 3559 687 3623 daemonum
697 3560 882 3635 deluserat,
895 3560 992 3623 velut
1006 3566 1104 3642 stup·

154 3678 256 3740 peum
276 3658 447 3723 vinculum
468 3660 670 3741 rumpebat;
702 3658 898 3740 operculum
922 3658 1026 3721 etiam
1049 3677 1104 3721 se·

155 3758 290 3840 pulchri
312 3759 397 3840 pede
413 3759 600 3840 depellens,
616 3757 792 3820 mulierem
810 3757 926 3840 palam
945 3757 1104 3821 omnibus

157 3859 201 3920 ab
218 3858 362 3921 ecclesia
380 3858 548 3933 extraxit,
564 3857 622 3919 ubi
639 3876 710 3938 prae
729 3857 859 3920 loribus
879 3856 977 3937 niger
994 3875 1104 3938 equus

155 3959 303 4038 superbe
326 3958 485 4020 hinniens
505 3956 687 4020 videbatur
708 3957 806 4019 uncis
828 3955 957 4030 ferreis,
980 3961 1016 4017 et
1033 3954 1104 4016 cla·

155 4056 208 4119 vis
230 4056 380 4138 undique
402 4056 570 4132 confixus,
588 4074 693 4137 super
709 4074 808 4139 quem
834 4055 960 4117 misera
982 4053 1106 4115 mulier

156 4155 311 4238 projecta
330 4157 375 4219 ab
395 4156 504 4219 oculis
523 4154 763 4219 adsistentium
788 4154 954 4230 evanuit3
986 4148 1104 4215 audie-
