2888 4852
323 404 389 470 512
575 418 710 466 noonnr
734 419 781 467 ns
805 418 1015 469 wunnovnn

323 596 428 661 quem
454 577 535 641 anni
558 577 696 642 ducenti
722 585 803 642 sunt
824 578 968 658 evoluti,
984 598 1030 644 ex
1049 598 1120 663 quo
1142 584 1290 662 septem

322 677 531 742 dormientes
546 677 583 741 in
599 679 765 762 spelunca
780 676 883 743 Coelii
898 678 1026 743 montis
1045 676 1139 762 apud
1160 678 1288 762 pre·

322 796 399 840 sum
421 796 527 860 supra
547 776 707 842 dextrum
729 778 823 843 latus
843 779 1061 861 quieverunt,
1085 776 1148 842 sed
1171 797 1286 857 nunc,

322 884 506 960 postquam
533 877 576 941 ad
600 897 752 942 mensem
778 877 940 956 sedimus,
963 897 1070 962 snpra
1095 878 1286 943 sinistrum

323 974 416 1041 latus
432 978 591 1041 conversi
612 997 723 1061 usque
743 976 788 1042 ad
805 978 1029 1062 septuaginta
1047 996 1158 1042 annos
1175 978 1284 1063 jaee-

322 1074 430 1140 bunt!
482 1075 571 1141 Haec
593 1085 707 1142 nutem
729 1077 908 1142 audientes
923 1078 984 1160 qui
1008 1077 1208 1155 adfuerunt,
1224 1079 1285 1142 in-

322 1177 559 1258 terrogabant,
581 1176 663 1259 quid
689 1176 765 1241 haec
786 1177 966 1242 conversIo
987 1176 1214 1259 signiticaret,
1242 1184 1282 1244 et
1353 1208 1356 1213 ·

321 1273 392 1351 ille,
421 1274 522 1339 ‘Ista
547 1276 705 1339 nimirum
728 1276 908 1341 conversio
934 1277 1045 1341 dirum
1068 1277 1283 1341 mortalibus

321 1393 422 1438 omen
444 1376 630 1458 portendit,
652 1395 732 1440 num
755 1374 847 1440 bella
868 1383 904 1440 et
927 1376 1167 1460 oppressiones
1188 1396 1281 1458 gon·

322 1473 409 1537 tium
429 1494 539 1556 genus
562 1475 752 1539 humanum
772 1474 1035 1540 intolerabiliter
1050 1476 1283 1557 torquebunt,

322 1580 357 1638 et
376 1575 561 1639 multorum
584 1576 794 1639 mutationes
817 1595 1000 1658 regnorum
1022 1582 1136 1651 erunt,
1153 1582 1190 1639 et
1213 1596 1280 1659 pa·

322 1673 404 1755 gani
430 1693 452 1738 a
470 1672 689 1753 Christianis,
707 1674 837 1739 Christi
861 1676 1003 1752 virtute,
1026 1676 1281 1740 conterentur:

324 1772 392 1837 His
405 1781 441 1839 et
456 1772 574 1838 multis
588 1775 666 1838 aliis
687 1774 828 1852 auditis,
850 1794 1009 1858 proceres
1030 1773 1170 1856 praeiati
1193 1794 1278 1839 cum

322 1872 550 1938 admiratione
570 1894 591 1939 u
611 1895 693 1958 rege
716 1874 926 1951 recedentes,
942 1873 1077 1957 legatos
1098 1873 1144 1938 ad
1166 1873 1280 1959 hujus

321 1974 372 2036 rei
398 1973 578 2039 veritatem
604 1975 833 2057 indagandam
857 1975 993 2038 mittere
1018 1974 1277 2054 decreverunt;

322 2073 501 2139 Horoldus
519 2093 601 2139 vero
614 2074 687 2139 dux
710 2074 804 2137 misit
825 2075 980 2150 militem,
995 2073 1178 2157 episeopus
1194 2075 1278 2156 qui·

320 2174 400 2238 dam
415 2175 474 2257 qui
498 2173 608 2237 adfuit
629 2174 804 2249 clericum,
825 2175 931 2237 abbas
949 2192 1031 2238 vero
1053 2173 1278 2252 monachum,

321 2293 397 2338 cum
422 2275 526 2356 regiis
548 2275 746 2338 muneribus
766 2280 802 2337 et
823 2272 933 2337 literis
950 2274 1046 2354 regio
1064 2272 1178 2355 sigillo
1196 2292 1277 2337 mu·

322 2374 403 2437 nitis
426 2367 487 2438 ¹ad
514 2372 732 2450 Michaelem,
753 2372 1176 2456 constantinopolitanum
1207 2372 1275 2436 im-

322 2480 529 2555 peratorem,
543 2473 772 2555 postulantes
795 2479 834 2536 ut
856 2473 948 2553 regis
962 2472 1156 2554 Anglorum
1179 2471 1274 2536 Ead-

322 2573 430 2636 wardi
448 2565 727 2655 legatis²septem
738 2572 877 2656 juberet
895 2572 1103 2636 dormientes
1114 2572 1275 2651 ostendi;

322 2673 509 2756 imperator
523 2681 638 2736 autem
653 2671 788 2754 legatos
799 2670 950 2753 Angliae,
965 2672 1008 2735 de
1024 2671 1180 2753 pertibus
1200 2678 1276 2735 tam

322 2773 463 2837 remotis
479 2773 668 2849 venientes
691 2771 838 2853 benigne
861 2771 1065 2854 suscipiens,
1086 2768 1277 2853 praedictos

323 2880 455 2955 septem
472 2872 681 2936 dormientes
698 2872 747 2935 eis
762 2878 955 2935 monstrare
971 2871 1064 2947 fecit,
1079 2869 1139 2952 qui
1155 2871 1277 2935 omnia

322 2971 365 3035 de
396 2971 525 3035 sanctis
550 2971 799 3035 dormientibus
825 2970 964 3047 indicia,
986 2989 1065 3053 qnae
1092 2988 1155 3033 rex
1179 2969 1277 3033 Ead-

323 3071 459 3135 wardus
476 3072 510 3135 in
523 3072 653 3153 Anglia
669 3070 890 3153 praedixerat,
905 3070 1130 3145 invenientes
1145 3068 1277 3134 oblatis

322 3172 532 3247 muneribus,
557 3179 593 3235 et
619 3171 695 3235 Deo
721 3168 853 3252 gratias
883 3177 1027 3252 agentes
1058 3168 1102 3231 ad
1130 3170 1278 3251 propria

322 3279 404 3335 sunt
421 3270 558 3335 reversi.

462 3455 511 3520 De
526 3454 662 3539 eorporis
675 3451 833 3517 munditia
848 3452 928 3538 repis
943 3449 1133 3515 Eudwordi.

163 3597 308 3649 unemun-
373 3578 454 3644 Hoc
472 3586 587 3642 autem
604 3578 647 3642 de
663 3597 744 3659 rege
761 3575 979 3641 sanctissimo
996 3593 1063 3638 non
1081 3581 1134 3638 est
1152 3580 1278 3637 tacen-

322 3678 416 3755 dum,
427 3676 518 3760 quod
533 3696 595 3741 nec
613 3676 787 3760 propriam
799 3676 928 3739 laeserit
942 3673 1130 3757 aliquando
1143 3665 1279 3736 ³carnis

356 3928 416 3979 'Ad
433 3927 606 3990 diminution]
623 3926 783 3985 blalmsbury
810 3924 859 3971 For
873 3938 905 3972 un
923 3922 1045 3985 sbridged
1063 3926 1170 3971 seoount
1184 3921 1214 3969 oi
1230 3921 1278 3972 tbe

319 4000 480 4060 erroneously
491 3998 554 4048 calls
572 3997 622 4044 him
641 3995 781 4044 Muniches.
809 3999 878 4055 story
890 3992 919 4042 oi
932 3994 974 4041 the
992 3995 1073 4041 Seven
1090 3991 1217 4053 Sleepers,
1229 4006 1277 4041 see

318 4073 373 4121 'l'be
384 4084 498 4132 emperor
511 4066 622 4116 lilicbael
632 4065 680 4114 Vl.
692 4066 715 4113 is
726 4079 782 4126 pro-
810 4063 980 4124 Mulmsbury,
990 4078 1016 4123 p.
1029 4065 1087 4121 378,
1097 4067 1152 4109 sote
1162 4058 1182 4110 ³.

319 4143 396 4202 bably
408 4137 536 4189 intended.
843 4130 953 4181 ’cmo
963 4131 1128 4194 munditiem]
1145 4130 1277 4191 Compare

354 4209 472 4274 'Septen
487 4206 584 4269 juberet
605 4205 756 4254 dumiense.
770 4202 781 4266 ]
807 4203 850 4252 the
861 4201 905 4252 lile
916 4203 951 4265 by
962 4204 1105 4265 capgrave,
1115 4215 1157 4252 ex.
1169 4200 1219 4250 eol.
1232 4206 1259 4249 ἱ.
