2888 4852
413 422 555 472 anonas
578 422 849 472 ursmarssuu.
1060 405 1102 470 61

150 576 295 661 perdere
327 583 577 661 'procurarent3
617 580 678 662 qui
716 578 955 644 Verulamium
994 598 1105 660 usque

151 679 407 760 pervenientes,
437 679 611 762 quomodo
643 699 760 763 regem
792 679 974 762 perderent
1007 678 1105 743 solli-

151 777 220 842 cite
240 779 484 861 explorabant.
542 779 697 844 Tandem
726 780 818 844 iuter
845 787 973 844 caetera
998 798 1105 842 unum

153 878 418 961 praeelegerunt,
433 898 504 962 quo
522 880 736 963 propositum
759 898 861 943 suum
878 879 922 943 ad
945 879 1105 944 effectum

152 978 392 1061 perducerent.
444 979 531 1044 Erat
553 987 669 1044 autem
696 987 800 1044 extra
825 979 1003 1044 civitatem
1025 978 1104 1042 fens

152 1096 253 1160 aquae
269 1078 499 1156 nitidissimae,
515 1079 558 1144 de
572 1099 641 1162 que
654 1098 718 1143 rex
731 1080 848 1144 bibere
862 1086 1105 1156 consueverat,

152 1178 235 1260 quia
258 1178 412 1261 liquores
438 1179 526 1244 alios
549 1199 685 1244 sumere
712 1179 942 1258 abhorrebat;
975 1179 1105 1242 fontem

152 1277 271 1361 itaque
298 1280 455 1360 aggressi
479 1279 673 1362 proditores
697 1278 836 1343 nefandi
867 1279 981 1362 ipsum
1004 1277 1105 1342 undi-

154 1397 220 1460 que
244 1377 438 1443 infecerunt
451 1399 597 1457 veneno,
612 1380 664 1443 ita
685 1385 725 1443 ut
746 1397 840 1462 aqua
859 1396 1005 1442 manans
1029 1385 1107 1443 tota

152 1486 441 1563 corrumperetur.
494 1479 544 1544 Ut
568 1487 684 1544 autem
710 1485 867 1561 potasset
890 1498 935 1543 ex
961 1498 1003 1542 ea
1029 1497 1106 1556 rex,

153 1578 289 1642 festinae
310 1579 414 1643 morti
435 1580 629 1653 succubuit,
643 1587 679 1643 et
693 1578 848 1643 homines
870 1579 1008 1642 centeni
1024 1584 1106 1661 post

152 1677 262 1755 illum,
290 1678 413 1755 donee,
443 1687 620 1762 comperta
641 1678 774 1755 fraude,
802 1667 978 1743 cumulum
1003 1686 1105 1742 terrm

153 1786 457 1861 superposuerunt
503 1772 628 1843 ¹Huue
647 1798 786 1862 quoque
802 1779 931 1843 fontem
949 1776 1107 1842 nonnulli

153 1877 266 1959 ipsum
294 1898 371 1942 esse
398 1879 544 1943 credunt
573 1898 674 1961 quem
704 1878 855 1942 invictus
880 1886 1013 1962 martyr
1042 1876 1107 1942 Al·

154 1978 277 2055 banus,
300 1997 492 2062 properans
518 1979 561 2043 ad
585 1978 802 2061 martyrium,
823 1978 954 2042 sitienti
975 1978 1106 2061 populo

156 2077 199 2142 de
213 2084 308 2143 terra
320 2079 422 2144 arida
436 2079 568 2144 orando
584 2079 762 2162 produxit.

376 2251 426 2316 De
440 2251 630 2317 ammaim
645 2251 724 2338 repis
738 2250 887 2316 simleri.

209 2373 385 2440 Defuncto
408 2383 524 2440 autem
549 2395 643 2458 rege,
667 2383 904 2440 convenerunt
928 2374 1109 2458 pontifices

156 2493 235 2538 eum
252 2475 345 2539 clero
366 2482 401 2541 et
423 2476 552 2560 populo
576 2476 685 2558 regni,
700 2475 882 2559 ipsumque
905 2475 996 2540 iufra
1012 2474 1107 2539 Cbu·
1203 2545 1204 2550 .

160 2593 253 2639 reem
279 2575 459 2658 gigantum
484 2595 579 2640 more
611 2576 707 2658 regio
733 2575 975 2640 humaverunt.
1027 2575 1245 2673 Quefflffigft

158 2674 263 2751 facto,
277 2675 459 2739 Dubritius
483 2676 578 2740 urbis
600 2674 793 2757 Legionem
817 2675 1109 2759 archiepiscopus,

156 2775 338 2839 associatis
358 2775 424 2840 sibi
451 2775 622 2859 episcopis
646 2784 682 2840 et
704 2777 938 2858 magnatibus,
954 2768 1109 2839 ’Arthe-

159 2895 234 2939 rum
264 2874 372 2940 filium
397 2875 485 2959 ejus,
511 2875 674 2959 juvenem
704 2875 897 2958 quindecim
928 2894 1109 2953 annorum,

158 2975 195 3038 in
230 2995 346 3057 regem
383 2982 591 3055 erexerunt;
624 2982 700 3039 erat
732 2976 822 3038 enim
849 2975 1014 3039 inauditae
1042 2975 1111 3039 vir-

160 3076 245 3139 tutis
267 3081 374 3157 atque
395 3073 581 3157 largitatis,
594 3075 686 3139 unde
703 3082 837 3139 tantam
860 3075 1008 3156 gratiam
1031 3094 1111 3157 prc-

159 3173 296 3252 mernit,
311 3182 352 3239 ut
365 3193 389 3238 a
401 3175 536 3239 cunctis
552 3173 623 3240 fere
639 3174 777 3258 populis
802 3182 977 3238 amaretur
990 3195 999 3254 3
1026 3193 1110 3239 con·

160 3273 290 3340 fluebat
318 3274 409 3339 enim
433 3275 475 3339 ad
507 3294 585 3339 eum
611 3282 711 3339 tanta
737 3274 883 3338 militum
913 3274 1111 3352 multitudo,

160 3382 198 3439 ut
213 3373 423 3440 sufficienter
437 3394 515 3458 quae
531 3374 602 3438 illis
620 3375 834 3440 ministraret
847 3373 1019 3457 stipendia
1041 3395 1112 3439 nen

160 3473 313 3540 baberet.
365 3473 609 3539 Invitaverant
636 3475 745 3557 igitur
769 3494 811 3539 eo
837 3481 991 3558 tempore
1020 3474 1111 3539 Sax-

194 3663 203 3697 ¹
227 3666 304 3716 Hm
325 3681 416 3731 mse
430 3666 557 3733 sonim]
574 3667 622 3717 See
648 3667 903 3730 tbatanytbingnew
915 3668 1024 3717 remeius
1037 3673 1063 3717 te
1079 3668 1112 3718 be

160 3735 204 3787 life
214 3735 244 3787 cf
254 3737 282 3786 S.
293 3737 389 3799 Alban,
399 3736 543 3802 Capgrave,
553 3737 622 3788 Nor.
648 3736 710 3788 told.
745 3736 799 3786 'lbe
810 3738 900 3787 render
910 3752 978 3799 may,
986 3737 1112 3801 however,

160 3808 222 3871 laeg.
234 3806 278 3856 fol.
289 3807 344 3857 viii.
355 3807 403 3858 cel.
415 3811 441 3858 2.
648 3808 680 3857 be
693 3807 803 3868 referred
819 3813 844 3857 te
861 3807 981 3856 Leland's
997 3809 1112 3859 Assertio

193 3875 354 3927 ’Arttsmr
365 3876 451 3943 filim
464 3876 538 3940 dm]
555 3875 623 3927 con·
649 3878 758 3939 Arterii,
776 3877 872 3927 Sbaron
896 3878 1016 3927 'lurner’a
1040 3879 1111 3929 Hist.

159 3949 262 4010 cerning
272 3947 323 3996 tbis
334 3947 404 4010 berc,
411 3947 480 4008 wbe,
487 3947 624 4009 according
648 3948 710 3998 Sar.
717 3965 724 4008 3
732 3962 776 4009 pp.
784 3951 826 4008 9⁹,
834 3963 898 4012 seqq.
906 3947 956 3997 and
963 3949 997 3997 Α.
1004 3949 1113 4009 'l'bomp-

159 4024 185 4068 to
211 4017 382 4079 Malmsbury,
406 4019 549 4068 ‘labantem
578 4031 623 4078 pa·
649 4017 917 4079 son'sprefacetobis
928 4017 1115 4066 uanslationof

157 4087 624 4149 triamdinsuatinnerit,inlractasque
649 4087 769 4149 Geolirey
797 4086 826 4138 cf
858 4087 1017 4147 Moumoutb,
1048 4086 1110 4135 from

160 4159 254 4208 ιὶιὶιιι
272 4162 369 4206 mentes
390 4157 424 4207 ad
446 4158 542 4207 bellum
564 4172 623 4207 acu·
648 4157 734 4207 wbieb
745 4158 831 4206 writer
839 4157 978 4207 Wendcver
988 4157 1034 4205 bas
1044 4170 1112 4205 cem·

161 4227 226 4291 erit,'
236 4227 257 4276 it
267 4227 291 4278 is
301 4228 485 4292 scarcelytobe
495 4226 625 4291 supposed
650 4227 718 4291 piled
729 4228 771 4279 bis
780 4227 914 4278 narrative.
