2888 4852
337 399 404 464 510
593 417 727 465 noceri
753 416 800 463 nn
827 415 1033 464 wuunovsa

336 575 484 656 cognovi
505 575 643 638 obiisse.
694 574 757 649 Hi,
777 594 815 637 se
833 574 901 639 Dei
924 574 1065 638 nuntios
1090 593 1166 638 esse
1185 581 1224 639 et
1251 576 1300 639 ad

336 694 391 737 me
405 676 530 739 missos
547 682 752 750 asserentes,
770 674 856 738 talia
877 674 1144 757 subjunxerunt,
1166 673 1297 753 ‘Quo-

336 774 430 837 niam
459 776 628 857 primores
656 772 809 854 Angliae,
834 773 952 852 duces,
978 773 1131 856 episcopi
1161 781 1197 838 et
1232 776 1297 838 ab·

335 873 446 950 butes,
463 894 532 937 non
555 881 637 937 sunt
659 873 807 937 ministri
823 873 891 937 Dei
912 873 973 937 sed
988 873 1129 950 diaboli,
1145 874 1295 938 tradidit

336 971 434 1036 Deus
451 972 516 1037 hoc
535 993 679 1055 regnum
703 992 772 1036 uno
795 992 888 1037 anno
912 979 949 1038 et
964 973 1021 1036 die
1038 992 1106 1036 uno
1128 973 1164 1036 in
1181 993 1293 1037 manu

335 1071 477 1149 inimici,
500 1072 744 1155 daemonesque
766 1080 893 1136 terram
915 1071 1005 1136 hauc
1031 1079 1140 1136 totam
1163 1091 1293 1155 perva-

335 1172 492 1251 gabunt'
540 1171 697 1253 Cumque
724 1191 790 1253 ego
809 1170 874 1236 hoc
901 1191 955 1234 me
983 1179 1200 1236 ostensurum
1228 1194 1292 1255 po·

334 1270 417 1351 pulo
434 1271 593 1347 dicerem,
611 1279 650 1334 ut
675 1278 875 1353 peccatores
895 1269 990 1333 iacta
1012 1271 1229 1335 confessione
1253 1281 1291 1336 et

333 1369 571 1433 satisfactione
582 1371 823 1452 resipiscerent
832 1377 868 1433 et
876 1370 1144 1434 miscricordiam
1162 1389 1289 1436 conso·

333 1478 530 1550 querentur,
544 1489 638 1534 more
653 1468 901 1546 Ninivitarum,
918 1467 1111 1533 ‘Neutrum
1129 1470 1218 1545 erit,’
1230 1472 1288 1534 iu-

333 1569 469 1650 quiunt,
497 1570 600 1651 ‘quia
624 1588 688 1632 nec
712 1568 780 1651 ipsi
805 1569 1035 1650 poenitebunt,
1054 1588 1118 1634 uec
1140 1569 1286 1634 misere-

332 1667 426 1730 bitur
443 1668 492 1731 eis
507 1667 628 1732 Deus?
655 1668 701 1732 Et
716 1687 795 1749 ego,
810 1667 1006 1747 ‘Quando,’
1016 1669 1169 1750 inquam,
1179 1675 1190 1702 ‘
1200 1676 1286 1733 tan·

332 1773 446 1830 tanim
462 1768 698 1832 calamitatum
718 1766 846 1849 poterit
867 1768 999 1850 sperari
1021 1768 1175 1831 remissio
1186 1767 1212 1831 l'
1236 1769 1285 1833 ad

331 1865 397 1929 hoc
419 1867 470 1930 illi
492 1867 755 1950 responderunt,
778 1867 859 1931 ‘De
879 1867 944 1930 hoc
965 1867 1016 1931 ita
1032 1869 1110 1944 erit,
1126 1869 1228 1949 quasi
1252 1870 1286 1933 si

331 1966 435 2029 arbor
450 1966 569 2030 viridis
587 1967 784 2030 succidatur
800 1967 836 2029 in
851 1967 964 2030 medio
979 1974 1014 2031 et
1030 1986 1110 2048 pars
1126 1968 1285 2033 abscissa

330 2063 468 2147 longius
494 2067 696 2148 deportetur
717 2084 739 2128 a
761 2066 891 2148 stipite,
917 2085 1007 2143 cum,
1026 2066 1100 2129 siue
1124 2066 1285 2148 quolibet

329 2165 474 2242 auxilio,
498 2166 622 2230 iterum
648 2184 808 2229 connexa
834 2172 957 2229 trunco
983 2165 1128 2248 coeperit
1155 2165 1284 2232 florere

328 2271 363 2327 et
379 2264 512 2328 fructus
535 2265 736 2347 producere,
754 2272 836 2328 tunc
853 2265 981 2347 poterit
1003 2264 1135 2346 sperari
1154 2265 1281 2330 talium

327 2364 482 2426 remissio
498 2363 690 2428 malorum?
728 2358 864 2446 ¹Hujus
882 2365 1000 2445 itaque
1015 2364 1170 2428 vaticinii
1186 2368 1281 2429 veri-

327 2469 435 2526 tatem
462 2471 582 2544 postea
602 2463 737 2546 experti
760 2471 841 2526 sunt
860 2461 979 2545 Angli,
1002 2462 1095 2544 quod
1116 2463 1280 2529 videlicet

326 2559 457 2642 Anglia
485 2562 756 2643 alienigenarum
780 2561 950 2626 habitatio
977 2562 1092 2626 fuerat
1118 2571 1154 2626 et
1174 2571 1278 2627 exte·

325 2680 441 2724 rorum
457 2662 660 2737 dominatio,
676 2662 759 2743 quia
775 2661 880 2744 paulo
895 2670 988 2742 post,
1006 2661 1121 2724 nullus
1135 2660 1277 2743 Auglus

324 2760 380 2824 vel
404 2761 477 2824 dux
499 2762 554 2825 vel
581 2761 737 2844 pontifex
762 2761 816 2824 vel
846 2761 953 2824 abbas
979 2761 1057 2838 fuit,
1080 2780 1143 2825 uec
1167 2763 1277 2827 etiam

324 2858 396 2922 ulla
410 2880 491 2943 spes
508 2868 584 2924 erat
602 2860 705 2943 hujus
721 2861 869 2923 miseriae
885 2860 1058 2924 finiendae.

364 3017 413 3081 Dc
426 3027 520 3082 reverte
534 3019 614 3102 repis
634 3015 816 3080 Eodwardi
832 3017 918 3080 tertii
934 3025 963 3080 at
977 3013 1143 3081 uirtutibus
1158 3015 1232 3100 ejus.

382 3141 553 3206 Pacificas
585 3141 692 3221 igitur
724 3158 786 3201 rex
817 3137 1044 3212 EadwarduS,
1075 3134 1274 3218 Anglorum

321 3241 439 3317 decuS,
469 3240 559 3321 regis
591 3238 768 3304 Ethelredi
796 3237 899 3313 iilius,
932 3244 1117 3319 postquam
1147 3237 1272 3318 viginti

321 3348 472 3422 quatuor
500 3340 599 3404 annis
628 3357 771 3419 regnum
805 3336 984 3411 tenuisset,
1010 3342 1135 3417 quarta
1160 3336 1269 3401 indic-

320 3440 416 3503 tione
427 3446 462 3502 et
471 3440 506 3502 in
518 3438 638 3520 vigilia
654 3437 848 3519 epiphaniae
865 3434 1018 3509 Domini,
1035 3434 1120 3498 soria
1132 3436 1269 3516 quinta,

319 3557 383 3620 pro
400 3558 507 3618 regno
521 3537 703 3620 temporali
718 3529 961 3599 ²commutavit
979 3541 1157 3597 aeternum.
1194 3534 1268 3599 De-

317 3636 457 3702 functus
472 3644 586 3700 autem
610 3657 672 3699 rex
688 3634 917 3710 beatissimus
931 3632 967 3695 in
985 3633 1136 3697 crastino
1150 3636 1268 3715 sepul-

317 3742 374 3800 tus
400 3743 454 3800 est
480 3735 670 3800 Londoniis
695 3735 730 3797 in
760 3734 917 3810 ecclesia,
940 3752 1043 3816 quam
1070 3733 1144 3815 ipse
1172 3753 1263 3799 novo

1212 3874 1260 3882 -—

351 3927 360 3961 ¹
373 3931 457 3990 Hqius
467 3931 547 3994 itaque
564 3929 676 3978 omiciaii
688 3928 778 3976 ueritu-
789 3926 792 3949 ¹
803 3927 908 3976 cedente
930 3928 1017 3975 morbo
1039 3941 1122 3989 nugas
1140 3928 1266 3980 delirare)

316 4001 386 4064 tem]
397 4004 405 4028 ⁴
416 4001 502 4063 HuJ'us
515 4000 626 4048 vaticinii
638 4000 776 4058 veritatem,
803 3997 922 4046 Melmsb.
935 4013 960 4057 p.
974 4001 1030 4045 381.

315 4073 430 4132 quamvis
440 4071 539 4118 caeteris
551 4070 707 4130 timentibus,
716 4073 775 4116 tunc
836 4064 847 4096 ¹
860 4066 1022 4115 Commutanit
1044 4068 1190 4131 aternum]
1220 4069 1264 4118 He

314 4140 429 4202 stigandi
446 4140 629 4201 archiepiscopi
646 4139 712 4187 risus
731 4152 775 4185 ex·
800 4136 859 4185 died
877 4151 908 4184 on
919 4136 1053 4197 Thursday
1066 4137 1108 4186 the
1126 4137 1169 4185 sih
1180 4136 1210 4186 oi
1217 4139 1266 4187 Ja-

314 4211 431 4272 cepisset,
458 4210 563 4259 dicentis
591 4209 703 4257 vetulum
732 4222 774 4256 ac·
799 4221 880 4267 nuary
894 4210 965 4255 loeo.
