2888 4852
357 417 422 483 178
609 431 743 479 rorum
768 432 815 479 nn
837 430 1044 481 wnunovnn

358 591 476 673 eoepit,
499 589 559 653 sed
584 590 675 654 inter
706 587 855 653 eundum
881 595 1006 671 captus
1028 594 1081 653 est
1103 595 1138 652 et
1160 587 1310 652 vinculis

359 689 576 772 mancipatus
608 688 804 772 aquodam
831 686 971 753 consule
996 688 1088 770 regis
1116 684 1311 752 Athelredi.

359 789 464 853 Miles
494 797 610 854 autem
640 789 698 854 ille
727 789 863 853 vinctus
894 786 1036 852 fratrem
1070 787 1192 851 habuit
1221 788 1310 851 beno

359 890 569 973 religiosum,
591 885 759 952 ‘'l'unna'
779 894 954 965 vocatum,
976 886 1036 970 qui
1060 904 1139 951 curn
1166 885 1309 951 fratrem

359 1006 487 1054 caesum
520 989 557 1053 in
585 988 677 1053 bello
707 986 853 1071 praefato
882 987 1116 1071 cognovisset,
1143 986 1239 1051 venit
1269 991 1311 1050 ut

359 1095 531 1172 quaereret
559 1088 590 1152 si
621 1088 738 1153 fratris
771 1107 896 1170 corpus
932 1087 1088 1152 invenire
1116 1086 1309 1164 veluisset3

359 1190 606 1271 inventumque
637 1188 743 1252 alium
777 1187 877 1252 fratri
918 1187 1129 1251 simillimum
1163 1185 1312 1250 eredidit
1369 1268 1374 1278 ι

360 1287 501 1353 fratrem
528 1307 616 1366 esse,
637 1307 739 1371 quem
770 1287 814 1350 nd
843 1287 1089 1352 monasterium
1120 1305 1222 1350 snum
1250 1284 1311 1349 do-

359 1387 474 1451 serens
496 1387 682 1451 honorifice
701 1387 872 1471 sepelivit,
894 1406 958 1470 pro
980 1387 1081 1471 eujus
1101 1385 1226 1451 animm
1250 1386 1312 1449 ab·

361 1487 533 1553 solutione
561 1488 688 1570 saepius
716 1487 839 1551 missas
864 1485 1031 1550 celebrari
1059 1484 1152 1552 fecit.
1204 1485 1310 1553 'l'em-

361 1605 445 1670 pore
460 1606 553 1664 vero,
575 1606 644 1670 quo
662 1587 769 1650 frater
788 1606 852 1669 pro
868 1586 976 1651 fratre
997 1586 1122 1650 missas
1143 1584 1312 1650 celebrari

360 1684 454 1765 feeit,
470 1686 695 1752 solvebantur
709 1685 849 1750 vincula
865 1685 983 1749 fratris
998 1686 1147 1751 viventis
1166 1705 1231 1750 neo
1246 1685 1312 1749 ali·

361 1807 431 1870 qno
454 1786 569 1869 potuit
595 1785 744 1850 retineri.
797 1784 929 1850 Consul
953 1784 1061 1868 igitur
1082 1785 1203 1850 videns
1231 1804 1311 1850 eum

360 1886 573 1968 impossibile
609 1885 755 1951 vinculis
791 1884 955 1963 cohiberi,
992 1883 1180 1949 adductum
1215 1884 1311 1949 Lon·

361 1985 483 2050 donius
505 1986 640 2049 cuidam
655 1984 809 2049 vendidit
832 1984 987 2049 Fresoni.
1040 1984 1149 2049 Freso
1171 2003 1311 2068 quoque

361 2084 451 2149 idem
478 2086 704 2168 comperiens,
736 2086 870 2167 accepit
902 2085 946 2148 ab
974 2105 1017 2148 eo
1042 2084 1310 2167 redemptionem

359 2203 465 2265 quam
483 2184 625 2249 dederat
644 2204 708 2267 pro
729 2204 783 2262 eo,
797 2192 833 2250 et
849 2183 993 2247 militem
1018 2185 1113 2249 abire
1133 2185 1311 2266 permisit3

360 2303 509 2366 cumque
527 2283 572 2347 ad
591 2282 739 2367 patriam
764 2304 863 2349 suam
880 2285 1022 2349 veniens
1038 2283 1137 2349 fratri
1158 2291 1193 2348 et
1216 2304 1312 2349 oom-

286 2470 288 2473 .
361 2383 631 2465 provincialibus
653 2403 726 2447 rem
754 2392 889 2467 gestam
917 2383 1104 2461 retulisset,
1130 2384 1231 2448 multi
1253 2403 1311 2448 uc·

361 2483 456 2546 censi
479 2490 561 2546 sunt
590 2483 634 2547 ad
657 2481 848 2547 offerendas
871 2484 948 2548 Deo
979 2483 1106 2568 saepius
1135 2484 1311 2562 victimas,

360 2581 596 2668 eleemosynas
629 2602 766 2665 quoque
797 2589 833 2647 et
861 2582 1035 2647 orationes
1067 2582 1221 2666 agendas
1247 2604 1311 2668 pro

360 2683 535 2765 ereptione
564 2702 694 2760 eorum,
727 2683 787 2765 qui
821 2682 864 2745 de
901 2682 1029 2747 saeculo
1062 2684 1310 2765 migraverunt.

361 2778 443 2845 Hoc
471 2789 587 2846 autem
612 2782 827 2860 miraculum,
855 2782 937 2864 quia
966 2783 1002 2846 in
1020 2783 1167 2847 veritate
1190 2802 1310 2847 verum

359 2900 436 2945 esse
463 2881 626 2965 comperi,
659 2881 812 2945 historiae
841 2889 970 2946 nostrae
999 2881 1128 2947 credidi
1158 2882 1312 2947 inseren-

359 2979 452 3044 dum.

399 3121 555 3207 Defuncto
570 3121 671 3185 Eorta
685 3121 821 3206 episeopo
835 3119 992 3185 Jolanao
1005 3119 1268 3205 Hoymaldemir

589 3219 717 3286 molesia
725 3219 929 3305 praesulatum
944 3219 1082 3306 sucepit.

199 3381 309 3422 mm,
411 3341 515 3408 Anno
535 3343 657 3427 gratiae
680 3361 888 3408 ncnxxxvr.
911 3336 1052 3409 ¹Conon
1073 3343 1164 3409 sedit
1185 3345 1310 3413 Romae

198 3434 338 3485 ΜΨ·
359 3443 534 3507 mensibus
566 3443 735 3507 undecim.
788 3444 918 3508 Eodem
948 3451 1114 3527 tempore,
1146 3445 1310 3515 defuncto

359 3542 467 3606 Eatta
482 3544 656 3625 episcopo,
673 3536 713 3607 ²J
717 3543 870 3607 ohannes
884 3544 937 3607 vir
956 3551 1098 3608 sanctus
1115 3543 1311 3628 Hagustai-

198 3655 300 3695 narra
357 3641 475 3705 densis
489 3643 643 3707 ecclesiae
655 3643 880 3725 praesulatum
889 3645 1053 3727 suscepit.
1075 3645 1205 3710 Eodem
1216 3667 1308 3713 anno

197 3706 315 3756 moltheri

198 3771 284 3861 {1331
358 3734 576 3819 ³Lotharins‚
588 3763 654 3806 rex·
663 3742 863 3821 Kentensis,
873 3743 963 3808 diem
977 3744 1103 3808 clausit
1114 3754 1309 3811 extremum

396 3903 521 3967 ¹ch
540 3903 582 3952 He
593 3902 653 3952 died
665 3908 695 3952 21
708 3904 821 3966 Septem·
845 3919 923 3966 γεω
943 3905 975 3954 he
993 3904 1053 3954 died
1075 3906 1102 3954 in
1116 3909 1182 3969 721;
1207 3906 1246 3957 l'or
1268 3909 1309 3959 his

359 3970 413 4034 ber,
424 3972 450 4020 in
461 3973 503 4021 the
514 3972 644 4036 following
656 3987 725 4034 year.
844 3975 957 4056 lis⁶.⁸ffd
978 3975 1104 4039 mirocles,
1123 3990 1166 4026 see
1183 3978 1244 4029 Aet.
1263 3980 1309 4030 SS.

392 4105 537 4160 'dolorm
560 4113 600 4161 nir
618 4107 740 4180 sanctus]
777 4114 820 4163 ile
845 4045 1058 4176 Mglljrltlrgrffi
1071 4113 1220 4165 'l'heSaxon
1229 4117 1309 4168 Chro-

357 4194 412 4228 wns
430 4182 567 4230 translated
587 4189 612 4232 to
632 4182 700 4232 Yorlr
724 4199 756 4231 on
777 4184 819 4232 tire
844 4184 908 4232 niele
920 4183 1058 4245 placeslrin
1070 4183 1147 4235 death
1158 4186 1185 4235 in
1196 4187 1239 4238 ilre
1250 4204 1308 4252 pre·

357 4249 432 4299 death
449 4250 479 4299 oi
497 4251 566 4302 Bosa
583 4253 609 4302 in
626 4252 671 4302 the
686 4253 816 4315 following
844 4255 916 4303 vious
928 4269 997 4314 year.
