2888 4852
322 410 391 475 112
582 425 715 474 nocnni
741 425 787 471 on
811 422 1019 472 wnuoovnu

324 583 425 647 nimis
442 581 580 647 devota.
634 581 723 646 Haec
743 583 779 646 in
795 581 917 646 orandi
932 578 1131 644 constantia
1147 578 1277 662 persis-

323 691 412 760 tens,
429 683 504 746 dari
522 682 587 746 sibi
608 701 631 745 a
651 683 727 748 Deo
750 681 877 746 trienni
899 681 1056 745 oratione
1079 678 1210 762 aliquid
1230 678 1274 741 de

323 783 484 847 membris
498 782 574 867 ejus
597 783 805 864 expetebat;
832 800 997 864 spemque
1017 778 1172 843 suumin
1196 777 1278 850 Deo

323 902 468 966 ponens,
478 882 612 966 juravit
628 902 665 946 se
681 901 751 945 non
765 880 861 964 prius
877 880 1159 945 manducaturam
1175 885 1270 941 ante·

323 1002 429 1066 qnam
440 983 611 1064 acciperet
624 981 716 1064 quod
727 982 883 1064 petebat;
901 986 937 1043 et
950 980 1144 1062 sie'septem
1152 977 1275 1041 diebus

319 1082 484 1166 jejunans
505 1081 720 1170 septimo-die
733 1081 881 1162 desuper
895 1079 997 1143 altari
1012 1079 1172 1162 pollicem
1193 1077 1275 1140 miri

324 1182 484 1246 candoris
514 1200 680 1264 apparere
703 1180 836 1256 videns,
861 1179 944 1243 laeta
969 1179 1099 1242 donum
1125 1177 1192 1242 Dei
1214 1195 1276 1240 ac·

325 1282 427 1364 cepit.
480 1278 535 1344 Ad
558 1280 650 1362 quod
675 1278 888 1344 adorandum
912 1287 982 1343 tres
1004 1277 1158 1361 episcopi
1176 1276 1274 1339 veni-

324 1387 423 1444 entes
437 1399 516 1443 cum
539 1380 583 1443 de
604 1379 729 1463 pollice
744 1385 878 1462 partem
901 1378 1024 1442 elicere
1038 1377 1178 1452 vellent,
1202 1383 1274 1440 tres

325 1480 504 1562 sanguinis
526 1486 646 1560 guttas
668 1498 713 1542 ex
737 1498 778 1543 eo
802 1478 933 1542 stillare
957 1478 993 1540 in
1016 1477 1123 1541 linteo
1144 1495 1275 1558 suppo-

325 1579 394 1643 sito
421 1586 641 1662 stupuerunt,
667 1586 703 1643 et
731 1579 888 1660 singulas
919 1577 1049 1660 singuli
1079 1596 1118 1641 se
1147 1575 1277 1639 habere

325 1678 491 1747 meruisse
503 1678 613 1743 laetati
628 1686 722 1743 suut.

587 1850 756 1915 Decededit
764 1871 855 1935 popa
869 1797 1009 1933 efficitur.

378 1973 482 2039 Anno
495 1975 619 2056 gratiae
635 1992 759 2039 noxw.
777 1968 987 2040 ¹Deusdedit
998 1975 1088 2039 sedit
1104 1975 1139 2038 in
1155 1974 1276 2040 cathe-

326 2072 390 2136 dra
404 2073 565 2138 Romana
588 2075 688 2138 annis
711 2075 832 2150 tribus,
855 2075 976 2138 diebus
995 2076 1130 2158 viginti,
1147 2082 1182 2139 et
1199 2095 1274 2139 ces·

326 2173 419 2237 savit
450 2173 549 2237 sedes
581 2194 697 2238 mense
727 2193 797 2238 uno
828 2181 863 2238 et
896 2174 1017 2238 diebus
1052 2194 1125 2239 sex.
1203 2174 1274 2238 Hic

326 2273 518 2350 constituit,
544 2280 584 2337 ut
605 2275 635 2337 si
658 2275 719 2357 qui
734 2274 800 2338 viri
817 2272 872 2338 vel
895 2275 1055 2338 mulieres
1078 2293 1161 2338 suos
1183 2273 1275 2338 lilios

325 2381 533 2454 quocunque
549 2373 650 2438 modo
669 2374 711 2438 de
733 2392 833 2437 sacro
854 2372 951 2438 sonte
972 2375 1197 2457 susceperint,
1219 2393 1278 2439 se-

228 2483 230 2486 ’
326 2480 503 2555 parentur,
526 2474 608 2536 etsi
630 2473 753 2537 mulier
770 2481 981 2556 compatrem
1006 2493 1106 2537 suum
1131 2475 1167 2537 in
1190 2494 1277 2538 oon-⁴

320 2572 458 2656 jugium
485 2572 635 2650 duxerit,
660 2581 884 2656 separentur3
918 2573 1042 2637 mulier
1067 2581 1182 2637 tamen
1211 2574 1273 2637 do-

326 2680 395 2737 tem
412 2673 568 2755 recipiat,
584 2679 620 2736 et
636 2680 715 2755 post
729 2672 916 2749 annum,'si
931 2674 1020 2751 vult,
1038 2673 1138 2738 alteri
1151 2674 1271 2737 nubat.

327 2771 455 2836 Eodem
479 2791 570 2836 anno
593 2792 655 2836 rex
682 2772 943 2837 occidentalium
972 2773 1149 2837 Saxonum
1169 2772 1272 2836 Kini·

325 2870 435 2954 gilsus
451 2864 707 2952 ²Quichelmum
723 2872 829 2935 filium
845 2892 945 2936 suum
961 2873 1060 2954 regni
1076 2880 1272 2939 consortem

325 2973 489 3054 suscepit.

377 3069 611 3153 Annogratiae
623 3060 975 3136 nch.³Clodesnidae
986 3070 1276 3154 Methensispon·

325 3189 402 3234 sum
427 3191 526 3235 suum
551 3170 698 3253 fugienti
713 3170 872 3234 velamen
888 3172 1012 3254 capitis
1034 3191 1095 3253 per
1110 3171 1272 3253 angelum

325 3288 347 3333 s
370 3270 447 3335 Deo
469 3270 727 3347 transmittitur,
744 3278 779 3334 et
801 3272 923 3337 illa'se
945 3278 980 3335 et
1002 3290 1066 3335 sua
1081 3271 1158 3336 Deo
1180 3272 1273 3337 dele·

325 3371 434 3450 gavit.

362 3590 369 3621 ¹
393 3592 560 3657 Deusdedh]
589 3592 734 3656 According
760 3598 787 3642 to
811 3594 907 3655 spoken
926 3594 957 3643 oi
970 3608 999 3643 as
1017 3594 1110 3656 jointly
1128 3594 1278 3656 possessing
1317 3610 1325 3627 ·

326 3663 403 3726 Pagi,
425 3662 457 3711 he
478 3677 533 3712 was
560 3669 603 3712 not
625 3665 786 3712 consecrated
811 3664 853 3711 the
864 3663 961 3724 throne,
972 3663 1022 3712 and
1033 3665 1059 3711 in
1070 3663 1122 3713 this
1130 3678 1191 3725 year
1202 3665 1275 3725 gain·

325 3748 392 3796 pope
414 3733 478 3781 until
507 3737 538 3782 19
562 3733 621 3782 Oct.
644 3736 703 3794 elo,
724 3734 786 3782 with
811 3734 854 3794 ing
871 3734 994 3795 avictory
1004 3748 1064 3783 over
1074 3733 1117 3783 the
1130 3733 1231 3782 Britons
1246 3737 1274 3782 at

326 3803 410 3852 which
421 3801 464 3851 the
475 3802 533 3852 dete
545 3802 660 3852 ascribed
671 3803 704 3863 by
716 3804 787 3865 Sige-
812 3803 960 3858 Beandune.
971 3804 997 3851 ln
1009 3804 1179 3863 Dorsetshire,
1186 3803 1274 3852 where

326 3874 382 3923 bert
393 3873 447 3920 also
466 3887 564 3933 agrees.
590 3873 684 3934 Fleury
700 3873 786 3934 places
811 3873 890 3921 shore
902 3877 953 3923 two
964 3873 1090 3923 thousand
1101 3873 1130 3922 ol
1143 3872 1186 3922 the
1196 3873 1274 3922 letter

325 3942 512 3992 itonthelsth
525 3943 660 3992 Nonou.
811 3943 964 3992 wercsluin.
1000 3943 1275 4006 Florence,inhisge-

342 4007 369 4050 2²
393 4012 560 4068 Quichelmam
579 4012 664 4078 filium
693 4005 785 4079 raum]
810 4013 1001 4075 nealogy,cells
1019 4012 1152 4063 Cuichehn
1167 4012 1274 4063 theson

325 4082 458 4134 Cuichelm
481 4083 531 4131 and
551 4082 673 4144 cynegils
693 4096 736 4131 are
753 4083 787 4143 hy
811 4083 841 4133 ol
849 4083 978 4144 cynegio.

325 4153 485 4214 Malmsbury
500 4152 582 4202 called
598 4151 719 4202 brothers.
757 4153 787 4201 ln
845 4150 857 4183 ⁸
877 4153 1049 4217 colmiae]
1071 4152 1188 4214 sigebert
1209 4151 1274 4201 calls

324 4223 367 4273 the
395 4223 481 4272 Soron
502 4222 635 4273 Chronicle
661 4221 722 4282 they
744 4236 787 4271 ure
811 4219 857 4272 her
867 4222 1028 4275 clodesindis
1038 4221 1068 4272 oi
1080 4223 1170 4284 Metu
1186 4221 1276 4274 odem
