2888 4852
430 427 570 477 enonas
594 428 863 478 nrsronrnnun.
1057 415 1123 480 269

173 583 360 661 beratione,
378 591 412 648 et
430 583 538 649 fraeno
561 586 676 649 soluto
699 584 888 668 pudicitiae,
911 585 1121 668 respondens

172 683 234 760 ait,
258 682 319 747 ‘Si
341 683 425 747 mibi
449 686 545 767 optio
560 685 615 748 vel
640 685 782 749 libertas
799 684 941 748 daretur
960 685 1121 767 eligendi,

172 780 280 845 lilium
306 791 403 847 tunm
432 803 536 867 qnam
563 792 598 848 te
617 784 729 866 magis
750 783 941 866 diligerem,
964 785 1046 866 quia
1063 784 1122 868 juss

173 881 249 945 nior
278 902 354 946 esse
379 883 538 948 videtur.’
590 883 690 946 Tunc
717 904 779 947 rex
802 882 1000 964 intelligens
1026 884 1120 948 illam

172 981 352 1063 explendae
376 982 527 1046 libidinis
552 982 743 1065 cupiditate
766 983 918 1059 ductam,
944 983 1122 1065 eleganter

172 1080 361 1162 respondit,
379 1082 439 1145 ‘Si
451 1083 530 1158 me,'
543 1082 668 1164 inquit,
680 1087 690 1115 ‘
700 1082 875 1163 elegisseS,
890 1081 996 1145 filium
1007 1103 1121 1147 meum

173 1178 329 1256 haberes,
344 1190 380 1244 et
396 1181 478 1263 qnia
498 1182 595 1244 illum
619 1182 766 1263 elegisti,
781 1201 844 1244 nec
866 1200 921 1245 me
942 1201 1004 1246 nec
1023 1181 1120 1246 illum

174 1278 339 1343 habebis.’
390 1280 547 1345 Contulit
574 1290 687 1345 tamen
718 1281 769 1344 illi
797 1301 861 1344 rex
890 1288 1032 1364 propter
1056 1283 1121 1346 im·

172 1379 380 1460 probitatem
407 1380 483 1463 ejus
513 1388 549 1444 ct
578 1381 718 1444 nimiam
743 1380 1033 1462 pulchritudinem
1058 1402 1120 1446 no·

174 1476 241 1541 bile
266 1480 513 1543 monasterium
529 1478 759 1556 loeminarnm,
776 1481 810 1542 in
828 1498 896 1561 quo
910 1480 982 1556 illa,
999 1480 1120 1545 babitu

173 1576 330 1659 deposito
360 1579 518 1656 seculari,
551 1580 616 1642 sub
641 1579 755 1661 specie
785 1578 989 1661 hypocrisis,
1020 1580 1120 1643 indu-

173 1683 289 1741 mento
306 1679 504 1743 monialium
519 1678 715 1759 adsumpto,
727 1678 913 1741 abbatissae
930 1680 1005 1743 vice
1020 1680 1120 1744 annis

173 1777 390 1857 paucissimis
422 1777 649 1860 fungebatnr3
685 1797 764 1841 nam
787 1796 895 1859 parvo
925 1786 1005 1859 post
1034 1778 1120 1843 tem·

173 1895 268 1957 pore,
283 1876 365 1939 dum
380 1897 458 1959 quae
475 1885 596 1941 sancta
613 1885 712 1941 erant
730 1885 980 1955 exsecraretur,
998 1897 1020 1941 a
1035 1898 1121 1961 quo·

173 1975 252 2038 dam
268 1977 416 2059 propriae
430 1968 578 2065 [gentis]
597 1977 739 2058 ignobili
753 1978 828 2041 viro
843 1976 969 2040 dicitur
982 1986 1122 2040 constu.

174 2083 286 2157 prata.
325 2077 509 2140 Mulierem
527 2096 610 2157 ergo
630 2077 665 2139 in
686 2077 857 2139 adulterio
873 2075 1120 2158 deprehensum

174 2194 236 2237 rex
262 2194 284 2238 a
307 2183 427 2241 sancto
453 2175 661 2239 monasterio
688 2175 817 2258 expelli
841 2177 1017 2259 praecepit,
1043 2195 1121 2259 quae
1206 2245 1212 2257 Ι

173 2274 335 2357 deinceps
357 2269 560 2340 ¹miserrime
583 2276 619 2338 in
645 2281 849 2358 paupertate
866 2282 1023 2358 tempora
1040 2276 1122 2339 vitae

174 2393 246 2437 suae
277 2375 552 2456 vituperabiliter
582 2374 626 2437 ad
664 2373 766 2438 finem
805 2394 913 2457 usque
949 2374 1123 2457 perduxit.

177 2472 349 2538 Defuncto
372 2475 489 2556 itaque
510 2494 591 2556 rege
609 2472 794 2551 Britbrico,
818 2475 985 2538 successit
1002 2475 1033 2539 ei
1052 2475 1124 2557 Eg·

174 2573 292 2637 bertus
303 2574 339 2637 in
355 2593 499 2654 regnum
514 2567 677 2654 ²triginta
691 2592 754 2636 sex
766 2573 878 2647 anniS,
888 2574 948 2654 qui
960 2592 1004 2637 ex
1016 2574 1125 2654 regali

174 2672 266 2736 illius
284 2673 397 2754 gentis
415 2673 578 2755 prosapia
594 2672 760 2752 originem
779 2672 922 2748 ducem,
937 2672 1048 2736 multa
1062 2693 1125 2755 po-

176 2778 287 2835 tenter
304 2790 412 2853 regna
435 2791 498 2835 suo
519 2770 647 2855 adjecit
668 2770 824 2853 imperio.
877 2770 1008 2835 Eodem
1033 2791 1125 2836 anno

175 2868 336 2934 defuncto
352 2864 558 2948 ³Eadberto,
582 2869 815 2934 Londoniensi
836 2871 1011 2954 episcopo,
1032 2871 1125 2935 Ead-

175 2988 280 3051 garns
292 2971 470 3034 successit.

353 3140 530 3227 Hipdablns
544 3143 699 3227 episcopus
715 3142 876 3227 defunctas
890 3153 942 3207 eet.

225 3266 330 3332 Anno
349 3267 493 3331 Domini
509 3265 828 3331 nccc1n.desuncto
841 3266 1126 3350 Higbald0,Lin·
1136 3289 1191 3330 nn.
1201 3290 1245 3328 ns.

1136 3341 1260 3379 succentori

1136 3391 1160 3430 ot
1167 3390 1257 3439 blebope.

211 3511 380 3565 ¹Miserrime
402 3515 429 3564 in
456 3512 635 3578 paupertate]
665 3514 785 3576 probable
796 3514 852 3563 thet
862 3514 893 3564 be
904 3515 964 3564 died
975 3516 1001 3564 in
1010 3520 1127 3579 8303see

176 3586 257 3635 Aeser
274 3585 333 3634 llius
354 3585 482 3633 describes
505 3585 551 3632 her
574 3585 640 3634 end:
666 3585 787 3634 Mulmsb.
799 3600 825 3646 p.
837 3589 879 3648 60,
891 3590 944 3633 note
955 3583 975 3635 ³.

176 3656 236 3705 ‘Ad
247 3656 363 3704 ultimum
380 3670 431 3703 nno
447 3655 548 3703 servulo
565 3654 641 3702 comi·

176 3731 239 3787 tata,
260 3726 328 3773 sicut
349 3741 365 3774 a
388 3725 474 3772 multis
495 3724 641 3772 videntibus
700 3719 867 3791 ³Eudlerto.]
889 3724 924 3772 At
935 3723 985 3772 tbis
996 3725 1055 3773 time
1066 3724 1127 3773 botb

177 3811 232 3845 eam
250 3794 404 3854 audivimus,
415 3793 528 3854 qnotidie
544 3793 642 3842 mendi·
666 3791 797 3841 Eedberbt
808 3793 858 3841 und
870 3792 973 3855 Eadgnr
984 3793 1127 3843 mnstbnve

177 3880 247 3925 cuns,
264 3865 290 3912 in
303 3865 385 3913 Parin
401 3862 578 3911 miserabiliter
588 3877 641 3911 mo·
666 3862 730 3910 been
747 3862 823 3924 dead,
841 3864 910 3911 since
925 3863 1041 3911 Osmund
1058 3865 1128 3926 signs

178 3935 288 3984 riretnr.'
666 3945 696 3978 ss
707 3931 797 3992 bisbop
808 3932 838 3980 oi
847 3932 949 3981 london
961 3938 988 3980 ut
999 3932 1041 3980 the
1052 3948 1129 3980 conn-

212 4002 352 4066 ²Triginto
373 3995 448 4068 sem]
493 3994 642 4062 Ecgberbt’s
666 4001 699 4049 cil
721 3999 752 4049 of
767 4002 926 4051 Beccanceld
945 4003 971 4049 in
995 4006 1052 4063 798,
1077 4001 1128 4049 and

177 4074 253 4123 death
274 4075 297 4121 is
319 4071 440 4121 recorded
461 4071 554 4133 below,
576 4084 642 4119 erro-
667 4069 829 4120 (loreshain
841 4076 905 4133 80³3
922 4071 963 4119 the
977 4070 1134 4132 chronology'

179 4144 295 4203 neously,
305 4143 330 4190 in
342 4145 390 4191 837
397 4157 403 4189 :
421 4141 463 4189 tbe
475 4140 536 4188 Sex.
549 4139 642 4188 Cbron.
666 4139 696 4187 or*
703 4140 745 4189 the
757 4140 860 4203 bisbops
873 4141 903 4190 oi
917 4141 1020 4189 London
1032 4141 1055 4189 ie
1066 4145 1131 4189 niort

183 4215 271 4277 places
282 4213 301 4260 it
312 4213 338 4260 in
349 4215 407 4260 886.
425 4210 450 4258 lt
461 4223 569 4271 appears
579 4215 645 4258 most
655 4211 806 4282 inncertain.
