2888 4852
352 400 418 470 164
612 412 747 464 aecum
772 415 819 462 ns
842 412 1051 464 wsunovnn

357 585 441 644 sunt
466 574 616 642 ordinati
642 597 705 660 pro
728 595 781 653 eo,
800 575 897 641 Acca
911 575 1072 642 videlieet
1095 582 1130 641 et
1147 564 1309 639 Bedewi·

357 698 435 756 nus,
450 697 496 743 ex
517 697 586 761 quo
604 676 782 760 provincia
806 676 869 741 illa
889 677 976 742 duos
994 675 1176 760 episcopos
1198 673 1311 737 multo

357 786 513 862 tempore
535 778 661 842 habere
686 778 888 857 cousuevit3
912 776 1238 841 habueruntautem
1254 792 1310 837 se·

357 880 430 956 des,
452 898 543 942 unus
570 877 662 960 apud
680 878 861 954 Dummoc,
886 877 975 942 alter
998 876 1091 961 apud
1106 873 1309 940 Helmham.

359 973 453 1043 ¹Nec
471 978 581 1042 multo
596 984 676 1060 post
689 976 893 1042 Theodorus
909 968 1190 1060 archiepiscopus
1205 974 1310 1040 Win-

358 1078 448 1143 frido
466 1076 675 1142 Mereiorum
691 1079 853 1161 episcopo
870 1097 933 1161 pro
955 1076 1188 1142 inobedientia
1202 1074 1311 1140 offen-

358 1197 420 1243 sus
442 1178 603 1261 deposuit
618 1197 708 1254 eum,
728 1185 763 1241 et
781 1177 858 1242 loco
880 1177 957 1262 ejus
979 1176 1154 1241 ordinavit
1173 1174 1311 1259 episco-

358 1298 442 1362 pum
466 1271 687 1354 ²Sexwlsum,
713 1279 773 1358 qui
799 1285 874 1342 erat
896 1283 1115 1342 constructor
1144 1282 1180 1342 et
1201 1276 1313 1341 abbas

359 1378 573 1454 monasterii,
592 1376 683 1461 quod
712 1376 838 1441 dicitur
852 1371 883 1412 ³‘
896 1375 1254 1453 Medmeshamstede,’
1272 1376 1310 1439 iu

360 1479 501 1559 regione
531 1475 743 1541 Girviorum.
797 1478 987 1561 Depositus
1009 1497 1092 1542 vero
1116 1475 1312 1541 Winfridus

361 1578 465 1642 rediit
481 1576 525 1641 ad
540 1578 787 1641 monasterium
804 1596 918 1654 suum,
929 1578 1020 1660 quod
1036 1577 1163 1641 dicitur
1176 1569 1312 1641 ⁴lidba-

360 1698 458 1755 rune,
476 1677 534 1741 ubi
548 1678 584 1741 in
601 1677 734 1760 optima
747 1679 1009 1743 conversatione
1022 1678 1131 1742 vitam
1148 1677 1273 1742 finivit.

494 1850 545 1916 De
559 1858 663 1915 musto
677 1850 885 1915 Erkmwadlo
899 1852 1036 1937 episcopo
1049 1850 1190 1916 naba.

201 1999 311 2040 noes.
413 1971 517 2039 Anno
540 1975 663 2057 gratis>
683 1991 847 2039 ncnxxv.
865 1977 1091 2059 regnantibus
1113 1976 1149 2040 in
1171 1974 1314 2058 regione

200 2051 282 2150 m
283 2049 338 2139 {1⁸¹⁶
362 2074 581 2140 orientalium
612 2073 790 2139 Saxonum
815 2075 940 2153 Sebba,
971 2076 1043 2140 filio
1077 2075 1244 2153 Sewerdi,
1277 2080 1315 2139 et

201 2151 299 2197 “mm
363 2174 542 2257 sigeboto,
558 2174 630 2238 filio
642 2173 814 2257 Sigeberti
828 2177 940 2258 parvi,
951 2175 1166 2254 Theodorus,
1176 2174 1314 2241 Cantiae

364 2274 656 2357 archiepiscopus,
667 2269 953 2340 ⁵Erkenwaldum
968 2275 1004 2339 iu
1022 2276 1163 2342 civitate
1175 2275 1315 2341 Londo-

364 2375 474 2438 niensi
506 2374 705 2457 episcopum
736 2375 923 2440 ordinavit.
975 2375 1046 2440 Hic
1070 2396 1166 2454 sane,
1199 2376 1315 2460 prius-

272 2471 274 2474 ⁴
364 2493 469 2558 quam
496 2474 679 2557 episcopus
702 2473 814 2539 lactus
845 2475 980 2553 fuisset,
1005 2475 1073 2541 duo
1101 2477 1314 2541 monasteria

364 2573 545 2657 praeclara,
558 2593 664 2638 unum
683 2575 749 2638 sibi
762 2582 797 2639 et
807 2575 953 2639 alterum
963 2575 1189 2659 Athelburgee
1204 2576 1316 2642 sorori

364 2693 451 2752 snae,
483 2681 738 2752 construxerat,
769 2675 862 2757 quod
887 2683 1071 2760 utrumque
1096 2676 1315 2759 regularibus

364 2774 563 2839 instituerat
583 2774 785 2858 disciplinis,
803 2794 904 2839 suum
922 2769 954 2810 ⁶‘
967 2772 1163 2854 Certeseie,’
1185 2778 1315 2842 sororis

363 2883 481 2941 autem
512 2873 765 2957 ‘Berlingum'
801 2874 1009 2958 appelletur.
1062 2876 1315 2942 Erkenwaldus

364 2995 460 3052 vero,
483 2994 561 3039 cum
576 2982 731 3058 tempore
748 2974 898 3057 quodam
919 2995 1012 3059 aeger
1029 2977 1174 3061 pedibus
1190 2978 1316 3042 lectica

365 3074 564 3158 parochiam
588 3075 761 3152 circuiret,
777 3074 820 3139 ad
844 3094 940 3139 oram
964 3079 1076 3142 amnis
1098 3077 1315 3161 rapacissimi

363 3175 454 3239 sorte
463 3175 632 3258 pervenit,
642 3176 701 3239 ubi
712 3193 790 3238 cum
801 3175 887 3239 socii
898 3176 1109 3254 haesitarent,
1120 3177 1212 3262 quod
1221 3178 1318 3242 infir·

364 3294 441 3338 mus
453 3294 516 3338 nec
532 3294 621 3357 equo
637 3294 699 3339 nec
714 3275 859 3357 pedibus
876 3277 1024 3342 transire
1039 3278 1167 3343 flumen
1183 3285 1316 3362 posset,

401 3523 407 3553 ¹
428 3528 480 3576 Nec
499 3528 575 3577 multo
591 3527 666 3591 post]
694 3527 728 3576 Sc
747 3528 829 3590 Beda,
888 3525 1199 3600 ‘Erkenwuldm]'1'hu
1209 3539 1320 3584 account

365 3595 454 3664 §2⁷23
472 3597 602 3660 eeeringl.
615 3597 686 3646 Sacr.
703 3597 721 3646 i.
733 3614 759 3660 p.
771 3602 828 3648 426.
854 3599 877 3648 is
896 3599 958 3648 irem
977 3600 1058 3663 Beda,
1079 3599 1165 3666 §m
1201 3603 1255 3653 llis
1273 3603 1318 3654 lile

400 3664 577 3727 'SexwlsmJ
604 3667 726 3716 Wharton
743 3668 830 3717 thinks
855 3670 888 3731 by
906 3669 1055 3720 Gotselinus
1074 3671 1097 3720 is
1115 3674 1215 3735 printed
1232 3675 1259 3723 in
1275 3674 1318 3724 the

365 3737 406 3786 his
416 3737 492 3786 death
504 3738 595 3788 should
605 3739 636 3786 be
648 3737 739 3800 pleced
751 3739 777 3787 in
788 3738 830 3788 the
854 3741 922 3789 Acta
931 3741 977 3790 SS.
988 3742 1072 3804 April.
1083 3742 1121 3792 iii.
1132 3757 1159 3805 p.
1170 3747 1229 3794 teo.

365 3812 495 3870 seurotll.
531 3809 608 3870 Angl.
621 3807 691 3857 Sscr.
703 3808 721 3856 i.
732 3810 790 3857 427.
1385 3869 1388 3873 ,

399 3874 671 3940 'MediaeshnmetedeJ
695 3876 763 3926 Now
781 3878 831 3926 Pe-
889 3872 1056 3945 ‘certesei
1072 3881 1126 3932 'l'he
1144 3883 1237 3947 abbey,
1256 3885 1320 3935 with

366 3948 527 4011 terhorough.
546 3948 649 3997 Smith's
662 3947 726 3996 Bed.
738 3963 764 4010 p.
774 3952 831 4010 15⁰,
856 3947 956 3998 Beocca
981 3950 1024 4000 the
1054 3953 1140 4015 abbot,
1161 3955 1212 4003 und
1233 3957 1321 4018 uinety

366 4021 420 4066 ,οη
432 4013 450 4067 1,
855 4018 954 4080 monks,
964 4035 1019 4069 was
1030 4022 1164 4085 destroyed
1177 4030 1205 4074 at
1215 4024 1259 4074 the
1269 4027 1320 4075 end

400 4084 574 4150 wasme]
601 4086 682 4147 Beda,
701 4086 761 4135 ‘Ad
781 4087 831 4136 Ba·
855 4087 884 4136 oi
890 4088 932 4138 the
941 4091 1011 4139 ninth
1019 4097 1123 4154 century
1131 4094 1215 4157 hythe
1223 4095 1323 4157 Dones,

366 4157 447 4216 ruae3'
465 4155 679 4217 Barrowe,orht
696 4157 787 4206 Barwe
804 4159 830 4206 in
855 4158 906 4206 aud
940 4159 1090 4212 usserwards
1119 4164 1259 4215 reiounded
1286 4167 1322 4230 by

367 4225 548 4275 Lincolnshire.
584 4227 692 4288 Tenner,
705 4227 812 4278 Liuor.
857 4227 967 4292 Eadgar.
1004 4232 1119 4296 Dugdal.
1130 4234 1148 4286 i.
1159 4250 1186 4298 p.
1198 4238 1256 4286 m.
