2888 4852
340 395 407 459 274
595 409 728 456 nonani
753 409 799 456 nn
823 406 1029 454 wannovna

344 563 434 643 Quae
448 564 623 640 schedula,
640 562 803 647 quoniam
820 563 977 645 Anglicis
999 571 1034 627 et
1052 563 1167 626 aureis
1183 563 1292 627 literis

344 664 458 728 fuerat
479 673 636 740 exarata,
659 683 679 726 a
700 663 869 727 Romanis
897 672 933 727 et
962 663 1040 726 aliis
1062 663 1122 745 qui
1147 663 1292 726 aderant

345 762 491 839 clericis,
507 783 598 846 papa
619 763 777 847 jubente,
791 762 920 827 frustra
941 763 1010 844 legi
1033 769 1207 840 tentatur;
1231 762 1291 825 sed

345 862 529 927 salubriter
542 861 681 945 Anglus
695 862 764 925 illis
780 863 927 939 adstitit,
939 863 997 944 qui
1017 861 1153 926 Latinae
1163 862 1293 942 linguae

346 962 545 1026 schedulam
574 962 750 1039 evolvenS,
775 961 857 1025 secit
884 968 923 1025 ut
945 960 1096 1025 Romani
1120 959 1292 1042 pontificis

347 1062 495 1144 epistola
517 1062 655 1143 regibus
672 1061 797 1143 Anglis
821 1061 1084 1143 compatriotam
1108 1068 1295 1144 martyrem

346 1160 527 1225 indicaret.
581 1160 788 1224 Habebatur
809 1169 924 1223 autem
952 1161 1043 1224 inter
1066 1167 1193 1223 caetcra
1215 1179 1296 1223 con-

348 1267 482 1324 tentum
498 1261 534 1322 in
552 1260 684 1336 charta,
706 1253 732 1293 ¹‘
747 1258 789 1321 In
807 1259 922 1323 clento
939 1278 1006 1322 cou
1024 1257 1128 1322 bathe
1148 1258 1294 1322 Kenelm

348 1357 546 1444 kynebearu
572 1358 635 1422 lith
657 1359 766 1422 under
783 1358 905 1423 thorno
926 1358 1086 1421 haeuedes
1103 1357 1296 1434 bereaued,'

348 1458 440 1540 qnod
460 1457 584 1522 Latine
600 1465 714 1535 sonat,
739 1457 807 1520 ‘In
824 1457 916 1522 clent
933 1455 1101 1534 cubethe,’
1115 1457 1150 1520 id
1169 1464 1234 1535 est,
1252 1456 1295 1520 In

348 1564 492 1641 pastura
521 1577 716 1635 vaccarum,
749 1556 939 1621 Kenelmus
967 1557 1059 1638 regis
1086 1556 1177 1620 filius
1199 1556 1295 1639 jacet

348 1658 413 1720 sub
427 1658 539 1739 spina,
550 1658 664 1740 capite
680 1657 848 1738 privatus.
890 1654 1017 1737 Igitur,
1034 1663 1074 1719 ut
1087 1656 1216 1719 dictum
1230 1664 1296 1732 est,

347 1775 491 1838 corpore
506 1757 597 1820 beati
608 1756 770 1838 martyris
786 1756 924 1837 regibus
941 1753 1081 1836 Angliae
1095 1755 1297 1819 mirabiliter

347 1854 536 1937 patefacto,
562 1854 733 1937 frequenti
753 1863 846 1918 coetu
872 1855 1073 1918 clericorum
1096 1862 1131 1918 et
1153 1874 1296 1935 magna·

348 1962 422 2019 tum
445 1954 576 2037 puerile
601 1973 727 2035 corpus
756 1953 798 2016 de
825 1954 991 2034 spelunca
1021 1954 1175 2017 levatum
1204 1954 1296 2036 apud

347 2052 666 2118 Winchelcumbam
689 2051 904 2131 vehebatur3
934 2053 1105 2134 parricida
1127 2072 1209 2117 vero
1232 2053 1297 2117 foe·

348 2153 454 2228 mina,
471 2152 672 2216 clericorum
687 2159 793 2216 cantu
808 2170 849 2215 ac
866 2151 1033 2216 laicorum
1050 2152 1157 2215 alacri
1171 2152 1294 2234 plausu

348 2259 491 2333 propter
517 2252 606 2315 tanti
632 2252 794 2336 martyris
820 2252 1053 2314 inventionem
1071 2258 1297 2327 commota,e

350 2348 501 2414 fenestra
526 2349 707 2425 coenaculi,
731 2352 766 2413 in
791 2370 860 2432 quo
882 2351 1010 2427 stabat,
1028 2358 1135 2433 caput
1157 2351 1296 2428 extulit,

351 2442 490 2513 et'forte
506 2449 677 2531 psalmum
703 2454 713 2482 ‘
734 2449 830 2512 Deus
847 2448 982 2512 laudem
1007 2469 1118 2513 meam
1134 2470 1177 2512 ne
1199 2456 1297 2513 tacu·

350 2548 440 2612 eris’
458 2548 677 2625 decantabat,
695 2567 797 2630 quem
814 2567 836 2611 a
855 2548 923 2611 fine
941 2549 1055 2612 nescio
1074 2569 1142 2631 quo
1164 2551 1299 2631 praesti-

349 2648 410 2730 gio
429 2647 629 2728 retrograde
652 2647 768 2712 dicens
791 2648 965 2711 nitebatur
979 2648 1192 2712 cantantium
1209 2649 1298 2713 laeti-

351 2747 436 2811 tiam
465 2746 663 2826 infirmare3
695 2766 841 2829 cumque
873 2746 934 2809 illa
965 2766 987 2809 a
1020 2746 1087 2811 fine
1119 2748 1296 2829 usquead

351 2845 442 2911 hunc
469 2866 617 2922 versum,
642 2845 746 2910 ‘Hoc
772 2865 860 2929 opus
885 2865 1002 2909 eorum
1030 2847 1088 2928 qui
1112 2845 1298 2909 detrahunt

350 2945 435 3008 mihi
465 2945 556 3028 apud
586 2943 798 3022 Dominum,’
830 2945 1055 3027 pervenisset,
1089 2946 1191 3009 ambo
1220 2946 1296 3028 ejus

351 3044 443 3109 oculi
467 3064 488 3108 a
507 3045 580 3108 suis
595 3043 733 3107 sedibus
751 3043 861 3108 evulsi
880 3043 1044 3106 continuo
1064 3063 1169 3126 super
1187 3045 1299 3126 ipsam

351 3163 455 3227 quam
479 3144 615 3225 legebat
642 3144 806 3225 paginam
831 3151 1045 3206 corruerunt.
1098 3143 1222 3207 Adbuc
1237 3163 1299 3207 au-

351 3250 420 3307 tem
437 3243 637 3325 psalterium
655 3242 753 3318 illud,
770 3248 915 3323 argento
932 3240 1156 3306 fabrefactum
1175 3250 1209 3306 et
1223 3243 1298 3325 lap-

351 3360 467 3405 sorum
483 3342 650 3405 luminum
667 3360 788 3405 cruore
806 3340 1028 3418 tabefactum,
1045 3340 1148 3424 hujus
1165 3362 1300 3424 correp

351 3440 456 3504 tionis
471 3442 602 3522 praebet
617 3439 793 3503 indicium.
846 3441 901 3503 De
916 3440 1020 3524 hujus
1036 3460 1172 3524 quoque
1189 3442 1301 3506 sancti

352 3540 518 3622 martyrio
533 3539 672 3622 quidam
688 3539 738 3602 sic
756 3540 817 3615 ait,

472 3653 507 3711 In
521 3654 605 3722 clent,
619 3656 671 3712 sub
686 3656 776 3732 spina,
787 3656 864 3732 jacet
877 3655 906 3712 in
921 3654 1049 3712 convalle
1062 3656 1174 3723 bovina,

471 3749 588 3808 Vertice
601 3751 738 3828 privatus,
753 3750 910 3809 Kenelmus
924 3771 992 3827 rege
1011 3753 1084 3827 [cie]
1099 3760 1218 3810 creatus.

352 3859 527 3925 Successit
539 3869 660 3925 autem
683 3870 805 3927 sancto
825 3862 995 3927 Kenelmo
1012 3856 1218 3927 'Ceolwlsus
1238 3882 1300 3946 pa·

387 4009 440 4061 1Ιιι
461 4015 538 4062 oleato
559 4028 602 4062 cort
625 4014 723 4078 batha]
758 4014 811 4063 The
838 4014 910 4062 thorn
932 4015 981 4063 bed
1002 4012 1138 4076 byrcncd;'
1161 4017 1209 4064 col.
1228 4021 1285 4066 777.

351 4080 482 4145 following
497 4085 643 4132 translation
656 4085 678 4132 is
694 4086 768 4146 given
780 4085 813 4145 by
875 4082 1046 4148 'Ceolwlftu.]
1065 4085 1107 4134 lle
1119 4099 1172 4133 was
1189 4085 1300 4147 deposed

352 4151 487 4201 Bromton:
505 4154 552 4201 ‘ln
565 4153 639 4202 Clent
655 4155 680 4201 in
693 4154 813 4202 Cowdalc
838 4154 872 4215 by
900 4154 1047 4216 Beornnalf,
1073 4155 1131 4203 who
1159 4157 1300 4205 succeedcd

352 4221 459 4271 Kenelm
478 4223 564 4285 kingis
583 4223 654 4285 bern,
672 4223 718 4272 litb
739 4223 814 4271 undir
838 4222 906 4281 him;
924 4224 1016 4285 below,
1028 4239 1070 4273 an.
1082 4228 1138 4273 828.
