2888 4852
439 431 577 480 rnoans
601 431 871 481 nrsronmnnn.
1085 417 1127 482 13

305 663 347 728 Ue
370 664 568 750 Vertiperaur
576 674 707 750 propter
722 665 857 730 Saxones
872 666 999 731 miserit.

225 788 330 854 Αιιιιο
355 789 479 872 gratiae
500 807 666 855 occeani.
695 790 904 874 Hengistus,
930 812 1008 856 cum
1033 791 1125 856 Vor·
1139 811 1194 851 an
1204 811 1249 900 ⁴⁵2³

173 891 311 971 tigerne
337 890 444 953 filiam
468 909 569 954 suam
593 891 803 974 copulasset,
830 892 943 974 ipsum
975 893 1011 955 in
1035 892 1126 955 hunc
1139 862 1255 951 ἓῗωὶἷω
1218 911 1256 950 ra

174 990 314 1054 modurn
340 990 513 1055 allocutus
549 998 614 1068 est,
641 991 770 1067 dicensi,
797 989 914 1055 ‘Audi
941 992 1125 1057 consilium
1141 962 1282 1012 wfflm

174 1108 301 1168 meum,
325 1099 361 1154 et
386 1091 573 1155 invitemus
596 1090 708 1153 adhuc
731 1090 840 1154 lilium
864 1111 979 1156 meum
1000 1091 1127 1155 Oetam

175 1209 253 1255 cum
281 1189 447 1255 fratruele
469 1208 546 1267 sno,
571 1187 711 1266 Abissa,
734 1190 800 1253 viri
825 1192 916 1255 enim
940 1191 1127 1257 bellatores

175 1297 269 1369 sunt,
285 1298 321 1355 et
338 1290 384 1354 da
406 1290 457 1354 eis
483 1289 653 1370 regiones,
673 1308 751 1373 quae
777 1298 859 1354 sunt
882 1292 918 1354 in
945 1292 1127 1375 aquilona·

175 1390 267 1454 libus
301 1389 495 1455 Britanniae
524 1389 681 1471 partibus
709 1389 817 1474 juxta
852 1410 999 1469 murum,
1037 1393 1129 1456 inter

178 1483 339 1554 ¹Deiram
362 1498 397 1554 et
412 1489 578 1565 Scotiam,
596 1489 657 1572 qui
672 1490 892 1554 sustinebunt
914 1490 1040 1555 ibidem
1063 1493 1127 1555 im-

177 1598 295 1673 petum
309 1589 547 1666 barbarorum,
564 1597 601 1652 et
613 1590 663 1652 sic
677 1591 765 1653 citra
779 1588 975 1654 Humbrum
991 1592 1027 1654 in
1043 1610 1128 1673 pace

178 1689 395 1754 remanebis!
456 1688 580 1753 Paruit
607 1688 852 1771 Vortigernus,
884 1699 989 1775 atque
1021 1691 1129 1769 illico,

177 1790 293 1852 missis
316 1789 456 1870 legatie,
480 1796 649 1853 venerunt
669 1788 759 1853 Octa
782 1798 817 1854 et
833 1789 961 1855 Abissa
983 1799 1020 1855 et
1043 1790 1128 1856 Cer·

177 1889 301 1966 dicius,
321 1908 400 1952 cum
423 1888 586 1953 trecentis
614 1889 761 1952 navibus
787 1898 922 1955 armata
946 1911 1052 1954 manu
1074 1911 1128 1954 re-

177 1988 306 2073 pletis;
339 2007 427 2071 quos
460 2007 578 2054 omnes
607 1988 840 2070 vortigernus
868 1991 1016 2073 benigne
1051 2010 1128 2055 sus-

178 2090 282 2172 cepit,
315 2089 545 2172 maximisque
579 2090 775 2153 muneribus
813 2090 968 2155 donavit.
1026 2089 1128 2169 Quod

179 2210 258 2254 cum
286 2189 454 2253 vidissent
490 2189 664 2266 Britones,
704 2190 864 2253 timentes
901 2189 1129 2273 proditionem

179 2308 311 2366 eornm,
339 2288 502 2352 dixerunt
523 2288 609 2370 regi,
633 2296 673 2352 ut
697 2290 792 2372 ipsos
815 2309 859 2353 cx
883 2289 1006 2353 linibus
1033 2291 1131 2372 regni

180 2391 234 2454 sui
259 2388 462 2472 expelleret,
478 2406 546 2452 non
570 2390 660 2452 enim
675 2388 848 2453 debebant
863 2391 992 2473 pagani
1009 2388 1129 2454 Chris·

180 2488 285 2553 tionis
310 2489 575 2566 communicare,
592 2489 675 2571 quia
696 2488 731 2552 id
754 2489 812 2552 lex
831 2488 1029 2554 Christiana
1048 2510 1128 2572 pro·

180 2588 333 2653 hibebat.
386 2588 536 2671 Insuper
568 2595 667 2653 tanta
696 2607 815 2654 eorum
854 2589 1040 2654 multitudo
1072 2610 1131 2654 su-

181 2695 400 2772 pervenerat,
423 2689 474 2753 ita
499 2695 539 2751 ut
563 2688 695 2752 civibus
714 2689 837 2753 terrori
861 2698 989 2768 essent,
1006 2690 1131 2772 quibus

181 2788 373 2853 debuerant
395 2807 471 2852 esse
495 2789 666 2870 praesidio.
718 2787 769 2852 At
786 2788 1017 2872 vortigernus
1030 2790 1131 2853 diffu-

182 2890 301 2972 giebat
325 2888 469 2952 consilio
495 2907 635 2951 suorum
661 2888 894 2971 adquiescere,
921 2891 1003 2973 quia
1027 2909 1134 2972 super

181 3006 302 3077 omnes
318 2996 452 3070 gentes,
467 2995 608 3071 propter
629 2988 811 3072 conjugem
829 3010 939 3068 suam,
959 3010 1019 3055 eos
1035 2983 1134 3054 ²dili-

185 3091 303 3171 gebat.

240 3262 294 3341 Ut,
309 3262 442 3350 deposito
457 3286 523 3350 repe
542 3264 732 3351 Vortr‘perao,
738 3264 795 3348 Jil'
782 3287 832 3329 aas
846 3263 910 3349 ajat
923 3262 1073 3328 suecessit.

245 3376 352 3444 Anno
378 3381 501 3462 gratiae
529 3398 690 3445 cceonrv.
716 3388 895 3463 magnates
927 3381 1133 3457 Britanniae,
1146 3408 1255 3449 rmum

183 3498 300 3562 regem
327 3478 574 3563 Vortigernum
606 3481 745 3564 penitus
774 3481 932 3545 deserent
918 3487 982 3557 t,es
1011 3481 1134 3544 unani·
1145 3459 1298 3560 offitii

184 3579 287 3644 miter
310 3578 546 3644 Vortimernm
573 3580 681 3644 lilium
713 3580 826 3664 ejus
816 3599 852 3643 ιιι
880 3599 997 3662 regem
1024 3579 1133 3643 subli-

184 3686 379 3744 maverunt.
432 3679 514 3758 Qui,
533 3680 688 3745 consiliis
703 3699 820 3744 eorum
835 3679 870 3742 in
891 3680 1049 3744 omnibns
1072 3679 1134 3743 ad·

184 3779 378 3861 quiescens,
396 3781 504 3863 coepit
519 3780 888 3863 expellerebarbaros,
899 3786 935 3843 et
948 3780 1133 3863 insequens

223 4079 229 4109 ¹
242 4075 364 4139 neem]
385 4077 436 4127 For
450 4079 483 4127 ite
499 4083 593 4143 extent,
604 4093 646 4130 see
671 4080 762 4129 almost
772 4080 877 4142 entirely
889 4080 966 4129 taken
981 4080 1045 4129 from
1057 4077 1135 4129 Geor·

186 4147 293 4209 Usslrer,
304 4165 330 4211 p.
341 4152 399 4199 212.
671 4150 725 4212 frey
737 4150 766 4200 ol
774 4150 933 4212 Moumontb,
946 4150 1014 4200 Hist.
1026 4150 1061 4197 ri.
1073 4162 1131 4208 cap.

221 4214 232 4247 ²
251 4217 402 4282 Diligebam
420 4217 483 4268 This
505 4218 609 4281 chapter
625 4219 648 4270 is
675 4224 713 4270 la.
