2888 4852
339 396 406 463 466
595 414 730 463 nonani
753 415 801 461 nu
824 413 1030 462 wnuoovnn

179 585 314 626 rmusuon
342 569 466 634 thedra
488 570 650 635 Romana
672 571 772 634 annis
795 589 919 634 novem
946 577 982 634 et
998 568 1140 634 totidem
1163 569 1300 632 mensi·

180 637 231 726 {iil
241 637 299 677 Μ’
343 672 420 735 bus.
473 670 603 734 Eodem
631 689 721 735 anno
739 670 866 746 cnuto,
892 689 956 734 rex
976 667 1182 751 Auglorum,
1198 661 1299 732 ¹cor-

344 789 409 854 pus
445 770 538 834 beati
571 770 686 851 Elscgi
717 769 967 851 archiepiscopi
1002 768 1094 851 apud
1131 775 1297 832 sanctum

345 868 495 933 Paulum
512 870 547 931 in
566 870 649 932 urbe
665 868 921 933 Londoniarum
935 870 1108 950 sepultum
1124 861 1297 950 'propriis

344 970 503 1032 manibus
524 968 666 1045 levavit,
688 976 724 1033 et
741 968 784 1031 ad
809 968 990 1032 ecclesiam
1007 967 1297 1032 Cautuariensem

346 1066 552 1132 translatum
576 1067 662 1130 illud
685 1067 767 1131 iecit
789 1067 914 1131 ibidem
931 1066 1153 1132 veneratione
1174 1066 1298 1129 debita

346 1167 497 1251 sepeliri.
550 1166 608 1230 Ita
631 1167 768 1249 quidem
798 1168 926 1244 omnia,
951 1186 1030 1249 qnae
1051 1166 1107 1231 vel
1132 1166 1207 1248 ipse
1236 1165 1298 1228 vel

346 1265 422 1350 ejus
437 1273 671 1330 antecessores
685 1266 912 1349 deliquerant,
928 1267 1100 1348 corrigere
1118 1265 1298 1349 studebat,

346 1372 386 1429 ut
415 1366 539 1448 prioris
567 1365 748 1448 injustitiae
779 1386 919 1429 naevum
950 1373 1022 1430 tam
1056 1363 1149 1448 apud
1177 1364 1299 1428 Deum

346 1484 450 1549 quam
466 1463 558 1548 apud
581 1464 736 1529 homines
758 1466 956 1548 abstergere
978 1472 1135 1545 curaret3
1159 1462 1300 1546 Anglos

346 1583 484 1647 quoque
509 1583 641 1642 omnes,
668 1565 798 1628 Emmae
820 1567 948 1648 reginae
970 1565 1124 1640 hortatu,
1149 1562 1215 1627 sibi
1240 1583 1299 1628 re-

346 1664 531 1728 conciliare
552 1664 707 1741 studens,
722 1665 832 1728 muita
844 1666 895 1729 eis
912 1665 1056 1728 donaria
1077 1664 1237 1740 contulit,
1259 1671 1300 1726 et
1356 1666 1358 1669 ’

345 1762 487 1845 insuper
507 1765 617 1827 bonas
644 1763 738 1845 leges
769 1765 927 1829 omnibus
949 1771 986 1827 et
1012 1765 1188 1846 placentes
1214 1782 1299 1845 pro·

346 1863 451 1926 misit.
509 1862 555 1925 Et
585 1863 705 1926 eodem
740 1883 831 1927 anno
863 1863 1038 1928 Robertus
1068 1862 1298 1927 Normanniae

347 1962 510 2026 ducatum
529 1963 692 2045 suscepit.

549 2134 637 2215 Quod
650 2157 704 2199 rec
719 2135 817 2198 Ouuto
835 2135 957 2198 Succos
970 2131 1093 2218 achacii.

186 2272 310 2371 ffissffiss
398 2257 503 2323 Anno
537 2260 659 2342 gratiae
692 2276 831 2323 uxxrv.
854 2278 917 2321 rex
946 2258 1143 2322 fortunatus
1167 2255 1299 2335 cnuto,

186 2373 253 2412 otu·
348 2359 538 2423 exercitum
555 2357 749 2441 Anglorum
764 2366 799 2423 et
814 2358 993 2422 Danorum
1004 2351 1145 2422 ⁸c0utra
1161 2358 1300 2422 Suanos

186 2422 276 2463 M*
348 2457 491 2535 ducens,
507 2459 543 2521 in
557 2458 668 2541 primo
686 2458 849 2521 conflictu
863 2457 990 2521 multos
1004 2476 1145 2521 suorum
1160 2457 1299 2537 amisit3

349 2557 410 2620 sed
426 2576 504 2620 cum
526 2555 581 2620 die
603 2557 756 2621 crastina
778 2576 854 2620 cum
880 2556 1038 2620 hostibus
1058 2557 1221 2637 congredi
1239 2557 1301 2620 de-

348 2657 492 2734 buisset,
506 2677 621 2722 comes
634 2656 837 2731 Godwinus,
847 2654 1051 2737 Anglicanse
1061 2656 1193 2720 militiae
1204 2658 1302 2738 prin-

349 2775 443 2837 ceps,
458 2755 620 2821 Cnutone
642 2758 769 2833 nescio,
785 2754 827 2819 de
844 2763 945 2819 nocte
963 2755 1097 2819 Suanos
1114 2771 1184 2819 non
1206 2775 1299 2839 prae-

349 2854 534 2919 meditatos
563 2875 641 2918 cum
663 2855 746 2918 solis
775 2852 969 2936 Auglorum
992 2856 1111 2918 cuneis
1134 2856 1301 2919 audacter

349 2955 489 3032 invasit,
511 2956 547 3018 in
574 2954 694 3036 fugam
721 2955 847 3035 coegit,
874 2961 921 3030 et,
944 2974 989 3017 ex
1015 2954 1171 3018 hostibus
1195 2956 1300 3018 innu-

350 3072 445 3117 mera
466 3053 686 3118 multitudine
702 3060 892 3137 perempta,
917 3071 1017 3135 reges
1040 3073 1158 3117 eorum
1176 3054 1299 3135 Ulfum

350 3159 386 3216 et
404 3153 578 3234 Eiglafum
594 3154 696 3236 cepit.
749 3152 829 3216 Rex
847 3172 941 3228 vero,
957 3172 1034 3215 cum
1048 3172 1181 3217 summo
1197 3173 1300 3217 mane

349 3249 486 3334 Anglos
512 3273 581 3317 nou
606 3252 806 3329 invenisset,
829 3252 976 3333 putabat
1005 3271 1064 3315 eos
1094 3252 1222 3333 perfide
1254 3255 1300 3317 ad

350 3349 468 3415 hostes
478 3353 669 3429 transiisse,
679 3361 726 3428 et,
738 3371 817 3416 cum
834 3352 925 3414 acies
940 3351 1119 3414 Danorum
1133 3353 1169 3415 in
1180 3351 1300 3416 hostes

350 3450 541 3515 conducere
566 3452 755 3528 affectaret,
777 3471 840 3514 tex
867 3470 936 3514 non
959 3451 1091 3514 invenit
1115 3453 1151 3515 in
1175 3454 1300 3516 castris

349 3568 468 3613 corum
503 3551 570 3614 nisi
601 3552 804 3632 sanguinem
837 3557 873 3614 et
900 3549 1072 3614 cadavera
1107 3552 1300 3615 occisorum

385 3771 501 3838 ¹Corpru
519 3775 583 3824 beati
600 3772 714 3843 wega]
740 3777 814 3826 Com·
839 3776 943 3839 ingdon,
953 3775 1011 3825 who
1022 3777 1094 3838 gives
1112 3777 1154 3827 the
1173 3794 1241 3830 same
1258 3798 1303 3832 ac-

350 3858 412 3905 pare
423 3845 467 3893 life
478 3847 513 3906 by
522 3846 632 3908 Osbern,
644 3863 670 3907 p.
684 3851 741 3906 142,
751 3848 813 3896 Sex.
839 3852 914 3894 count
933 3846 962 3894 oi
977 3846 1028 3894 this
1044 3848 1198 3910 expedition,
1214 3853 1303 3911 placas

350 3914 504 3964 Chronand
516 3915 583 3964 FIor.
595 3916 680 3965 adan.
694 3920 766 3967 1023.
839 3917 859 3964 it
882 3917 907 3964 in
930 3916 972 3964 tire
991 3916 1059 3965 third
1083 3932 1143 3978 year
1164 3920 1193 3968 oi
1211 3920 1302 3973 Cnut's

385 4013 812 4081 ²rmpeamaua.]s0uums-
838 3983 1033 4103 ffifflgffi
1058 3986 1190 4106 ᾛξξζὲ·
1207 3991 1302 4076 ΟΜ·

349 4084 423 4147 ''¹¹¹³'’
435 4102 461 4147 Ρ·
474 4091 530 4136 ³⁰⁶·
836 4126 888 4174 uon
910 4071 1017 4187 aeusi
1033 4072 1082 4175 hir
1099 4128 1150 4176 ane
1164 4064 1304 4192 iffi

383 4184 497 4237 ’Contra
504 4188 714 4253 Suomarium]
727 4190 812 4240 Huni·
838 4198 910 4244 102⁵.
