2888 4852
316 393 362 459 56
571 405 706 459 aoenar
730 405 778 454 un
802 401 1010 452 wunnovun

570 564 658 629 Nota
672 561 818 629 numm
837 558 1014 624 Trinitatis.

158 716 269 758 sons
369 686 475 753 Auno
490 687 612 769 gratiae
631 703 713 751 nur.
728 685 770 767 in
784 684 906 751 Africa
924 677 1112 766 ’olympus
1132 678 1274 762 quidam

319 788 575 865 insanissimus,
592 786 674 850 dum
690 786 726 850 in
742 785 876 850 balneis
891 791 1047 847 sanctam
1063 780 1271 844 Trinitatem

321 887 589 971 blasphemaret,
597 886 709 970 ignito
717 885 838 970 jaculo
848 883 983 950 caelitus
996 880 1274 966 superveniente,

323 989 523 1054 combustus
539 995 604 1052 est.

556 1135 643 1200 Nota
659 1131 844 1220 baptismam
857 1131 1000 1197 arant.

164 1296 220 1338 su.
230 1294 276 1334 ns.
376 1257 482 1324 Anno
494 1259 617 1342 gratiae
631 1274 706 1322 mv,
721 1256 1060 1340 Constantinopolim
1071 1255 1153 1319 dnm
1163 1247 1279 1319 'Deu-

163 1345 285 1388 ΜΨ·
327 1367 434 1437 terne,
451 1356 621 1422 Arrianus
638 1357 835 1441 episcopus,
847 1357 1017 1440 quendam
1035 1356 1171 1421 nomine
1188 1354 1279 1419 Bar-

326 1459 407 1523 bam
428 1459 634 1541 baptizaret,
658 1466 694 1523 et
716 1457 806 1522 male
831 1457 1048 1538 distinguens
1069 1455 1278 1520 Trinitatem

328 1558 471 1636 diceret,
494 1558 665 1641 ‘Baptizo
695 1565 743 1636 te,
766 1557 895 1634 Barba,
924 1558 960 1621 in
985 1556 1122 1621 nomine
1148 1554 1278 1632 Patris,

328 1679 391 1742 per
405 1657 545 1735 Filium,
560 1659 596 1722 iu
613 1657 746 1741 Spiritu
761 1656 914 1734 Sancto,'
929 1675 1020 1739 aqna
1037 1655 1220 1738 disparuit.

585 1832 673 1898 Noto
688 1829 849 1916 enjusdam
863 1829 1024 1917 sopharna.

374 1954 478 2022 Anno
489 1955 612 2038 gratiae
623 1971 680 2020 nv.
691 1947 934 2033 ⁸Alamundus,
945 1974 1007 2019 rex
1017 1953 1281 2031 Saracenorum,

232 2053 261 2082 ¹¹¹¹
331 2057 375 2121 ab
392 2055 595 2122 orthodoxis
617 2055 826 2136 baptizatus,
839 2074 917 2118 cum
932 2075 1009 2120 enm
1023 2053 1154 2119 vellent
1170 2053 1282 2136 Euty·

331 2156 445 2220 chiani
470 2154 644 2231 seducere,
666 2153 793 2218 refellit
814 2172 874 2218 eos
896 2153 961 2219 hae
983 2154 1142 2218 sabulosa
1162 2152 1281 2217 induo-

332 2255 437 2332 tione,
467 2254 597 2332 dicens,
618 2253 711 2336 quod
740 2254 860 2318 literas
891 2261 1072 2336 acceperat
1102 2252 1145 2316 de
1171 2261 1283 2317 morte

333 2353 533 2436 archangeli
556 2352 762 2432 Michaelis3
790 2353 910 2435 illique
940 2352 1192 2436 responderunt
1216 2351 1283 2416 hoc

333 2453 544 2536 impossibile
561 2472 649 2529 esse,
666 2453 816 2535 eoquod
839 2453 956 2535 angeli
973 2455 1045 2518 sint
1060 2451 1283 2534 impassibilis

334 2561 481 2621 nature.
516 2551 722 2632 ‘Quomodo
737 2552 844 2635 ergo‚'
856 2552 981 2636 inquit,
994 2558 1004 2587 ‘
1016 2551 1204 2617 secundnm
1221 2571 1285 2615 vos

335 2653 447 2717 nudus
461 2652 647 2716 crucifixus
669 2660 723 2743 est
738 2650 911 2730 Christus,
927 2652 994 2717 nisi
1016 2652 1163 2716 duarum
1182 2658 1283 2716 natu-

335 2772 451 2817 rarum
483 2759 588 2830 esset,
614 2751 893 2834 qnandoquidem
927 2772 991 2817 nec
1019 2751 1163 2835 angelus
1194 2770 1286 2815 mor-

334 2860 416 2918 tuus
430 2852 524 2916 estl'

567 3020 655 3084 Nota
670 3018 708 3084 da
722 3024 733 3053 ⁴
748 3018 860 3083 Gloria
874 3017 910 3083 in
924 3015 1065 3085 moene?

386 3142 492 3208 Anno
511 3145 635 3225 gratiae
662 3160 737 3208 nvi.
756 3143 984 3227 Symmachus
998 3162 1091 3227 papa
1106 3136 1288 3221 ⁴instituit,

338 3243 432 3306 omni
445 3242 500 3306 die
512 3243 698 3307 Dominico
711 3242 765 3307 vel
782 3252 973 3327 martyrum
990 3243 1161 3321 natalitio,
1178 3241 1288 3308 ‘Glo-

339 3342 391 3404 ria
405 3341 441 3404 iu
457 3341 616 3406 excelsis’
632 3342 676 3406 ad
699 3341 823 3406 missas
846 3362 981 3421 canere,
998 3362 1101 3425 quem
1122 3343 1289 3426 hymnum

338 3440 595 3523 Thelosphorus
622 3461 715 3525 papa
732 3450 833 3507 nocte
850 3450 986 3507 tantum
1003 3443 1130 3506 natalis
1147 3442 1289 3507 Domini

339 3542 475 3606 cantari
498 3541 663 3620 instituit,
687 3548 723 3604 et
749 3542 786 3605 in
811 3561 853 3605 eo
875 3542 1077 3626 angelornm
1102 3543 1210 3607 verba
1236 3561 1290 3620 ea,

339 3659 417 3722 quae
434 3647 638 3723 sequuntur,
654 3640 792 3725 adjecit.

375 3814 384 3848 ¹
400 3818 516 3882 Olympus
527 3817 647 3883 quidum]
664 3820 712 3868 See
722 3818 800 3869 Joan.
859 3816 1289 3881 ⁸Almanam]orellamuudarus.

342 3886 494 3936 Damaroeu.
513 3887 545 3935 de
565 3887 673 3951 lmagin.
684 3889 758 3937 Orat.
777 3892 802 3951 t,
824 3887 887 3936 'l'his
905 3892 1013 3937 account
1031 3889 1054 3936 is
1072 3887 1146 3949 given
1162 3888 1196 3950 by
1208 3888 1290 3939 Baro·

340 3956 475 4007 ineditis
488 3957 648 4019 Quian,i.p.
661 3961 717 4007 ³76.
826 3959 894 4018 nius,
913 3957 976 4007 from
995 3955 1153 4020 Theodorus,
1174 3958 1201 4006 in
1220 3958 1290 4008 Hist.

376 4023 549 4089 ’Denterus,]
570 4040 599 4074 or
619 4026 758 4076 Deuterius
777 4026 805 4076 oi
828 4028 899 4077 Eccl.
915 4028 951 4077 ix.
968 4042 994 4088 p.
1012 4030 1069 4075 tao.
1106 4027 1206 4076 Paulas
1225 4029 1291 4078 Dia-

340 4094 556 4156 Goustantinople.
578 4093 642 4144 ‘l'hir
651 4097 764 4157 misaele,
774 4111 803 4145 as
827 4111 906 4147 conus
917 4097 967 4145 and
978 4097 1062 4146 others
1077 4096 1156 4146 relate
1167 4097 1210 4147 the
1220 4111 1290 4147 same

340 4165 396 4214 also
412 4165 455 4214 the
471 4164 563 4214 former
574 4179 631 4228 one,
646 4166 669 4214 is
683 4166 802 4215 recorded
828 4173 906 4228 story.

342 4233 572 4296 byTheodorns,iu
585 4235 655 4288 Hist.
664 4236 734 4287 lieri.
755 4237 803 4287 See
864 4235 874 4264 ⁴
885 4235 1023 4299 Instituit]
1033 4234 1096 4284 This
1106 4236 1129 4284 is
1140 4235 1217 4285 taken
1230 4235 1292 4286 from

343 4305 524 4370 Beroniur,i1.
536 4319 562 4366 p.
574 4309 615 4356 ⁵8.
830 4307 955 4369 Sigebert,
966 4305 1009 4357 ed.
1020 4306 1085 4357 Pist.
1097 4321 1123 4368 p.
1135 4309 1193 4356 m.
