2888 4852
345 392 411 460 374
601 414 736 463 reensi
760 415 808 463 nn
831 415 1038 464 warnovsn

484 646 682 712 Miremlom
699 647 737 712 de
754 648 885 713 cambio
899 656 1012 712 coacto
1026 645 1154 711 Maria.

397 770 502 837 Anno
528 771 670 837 Domini
697 789 852 836 nccch.
871 765 999 836 ¹sancti
1022 771 1189 849 oswaldi,
1208 772 1301 853 regis

348 879 384 936 et
410 873 585 956 martyria
608 892 689 937 ossa
715 873 758 937 de
783 872 978 936 Bardeneia
1001 879 1197 937 reverenter
1219 881 1301 937 sunt

348 971 385 1036 in
402 972 570 1037 Marciam
592 979 840 1055 transportata.
869 965 1020 1036 ²Eodem
1040 979 1194 1055 tempore
1213 971 1307 1061 Rolg

299 1075 301 1080 ’
349 1071 398 1150 lo,
414 1071 696 1136 Normannorum
721 1073 894 1155 princeps,
909 1071 1158 1136 Carnotensem
1182 1073 1301 1134 urbem

349 1170 521 1235 hostiliter
551 1190 749 1254 aggressus,
777 1171 906 1235 furtivo
934 1190 1011 1235 eam
1039 1167 1210 1255 disposuit
1235 1171 1301 1235 im·

348 1278 433 1354 petu
466 1271 667 1355 subjugare,
696 1290 801 1354 quam
832 1290 911 1335 cum
948 1271 1077 1335 crebris
1115 1271 1302 1335 insultibus

349 1372 550 1436 subvertere
574 1372 754 1449 niteretur,
776 1371 870 1436 cives
893 1370 937 1435 ad
960 1371 1036 1455 ejus
1066 1369 1301 1435 defensionem

349 1491 524 1535 murorum
546 1471 811 1554 propugnacula
834 1471 1111 1551 adscenderunt;
1140 1469 1199 1534 sed
1222 1489 1301 1535 cum

349 1570 489 1635 tandem
524 1591 567 1635 ne
597 1572 782 1636 deficerent
810 1570 1045 1654 desperarent,
1075 1570 1301 1634 saluberrimo

349 1672 403 1735 usi
434 1671 592 1749 consilio,
621 1689 823 1754 supparum,
853 1670 888 1734 id
924 1679 977 1735 est
1009 1670 1198 1748 camisiam,
1232 1670 1308 1734 Dei

335 1771 540 1852 genitricis,
571 1786 675 1853 quam
705 1770 852 1835 Carolus
881 1790 1028 1853 magnus
1061 1771 1103 1834 de
1131 1769 1301 1835 Hieroso·

350 1870 451 1953 lymis
484 1871 626 1935 veniens
659 1871 784 1934 ibidem
823 1870 860 1933 in
899 1871 1109 1935 monasterio
1145 1870 1300 1953 ejusdem

349 1971 496 2053 virginis
519 1978 697 2053 posuerat,
723 1971 759 2034 in
783 1969 919 2034 editiori
946 1989 1121 2034 murorum
1147 1969 1301 2034 civitatis

349 2069 426 2135 loco
457 2091 521 2154 pro
545 2071 675 2135 vexillo
709 2077 915 2148 statuentes,
946 2069 1129 2134 Rollonem
1159 2077 1193 2132 et
1224 2070 1301 2152 ejus

348 2170 598 2235 commilitones
623 2171 667 2234 ad
691 2170 896 2233 cachinnum
919 2175 1201 2258 commoverunt3
1227 2169 1302 2246 sed,

347 2279 388 2335 nt
410 2272 520 2335 virtus
547 2270 615 2335 Dei
641 2271 818 2352 genitricis
847 2269 1099 2333 incredulorum
1129 2269 1304 2332 temerita-

350 2377 420 2434 tem
443 2369 647 2446 effraenaret,
670 2376 796 2433 tantus
811 2368 927 2433 subito
950 2377 1061 2433 terror
1081 2368 1195 2453 ipsum
1217 2367 1304 2432 Rol-

350 2468 465 2533 lonem
488 2487 565 2532 cum
578 2460 660 2531 'suis
683 2470 841 2532 omnibus
858 2468 1053 2551 occupavit,
1070 2475 1110 2531 ut
1132 2467 1303 2546 omnibus,

351 2569 490 2651 quaein
518 2569 695 2632 obsidione
725 2568 910 2646 habehant,
937 2567 1141 2632 festinanter
1173 2568 1303 2632 relictis

350 2688 448 2752 spem
480 2668 614 2732 insola
642 2668 726 2751 fuga
752 2669 972 2753 conciperent
996 2667 1183 2747 evadendi3
1214 2686 1303 2750 quos

352 2788 430 2833 cum
453 2770 547 2833 cives
568 2767 741 2850 fugientes
761 2775 1028 2851 conspexerunt,
1051 2768 1198 2832 insecuti
1220 2776 1303 2832 suut

352 2886 412 2932 eos
436 2867 472 2931 in
495 2889 553 2932 ore
573 2868 679 2950 gladii
703 2876 738 2932 et
757 2868 867 2932 multa
889 2888 933 2932 ex
956 2869 1005 2931 eis
1025 2866 1134 2931 millia
1150 2875 1303 2951 proster-

353 2976 474 3032 nentes
495 2968 609 3050 ipsum
635 2967 819 3032 Rollonem
848 2967 892 3032 ad
916 2967 1233 3049 Rothomagensem
1255 2967 1304 3030 ci-

352 3068 510 3145 vitatem,
538 3067 699 3131 laceratis
729 3068 937 3150 agminibus,
972 3067 1092 3150 fugere
1127 3065 1302 3150 compule-

351 3174 444 3231 runt.

652 3350 724 3413 Duo
740 3297 821 3433 repes
829 3339 1003 3432 perierunt.

402 3471 507 3537 Anno
535 3473 677 3537 Domini
707 3457 877 3536 ncccexa
904 3465 1128 3535 ³Anastasius
1152 3469 1242 3536 sedit
1265 3471 1303 3535 in

352 3572 517 3636 cathedra
533 3573 694 3637 Romana
715 3573 815 3635 annis
839 3571 973 3636 duobus
993 3578 1029 3636 et
1043 3571 1187 3636 totidem
1206 3591 1303 3635 men·

388 3887 396 3918 ¹
409 3889 496 3940 Sancti
509 3888 647 3952 oswaldi]
666 3887 717 3935 llis
733 3891 815 3936 trans·
839 3885 1094 3949 wiltotsumitger,
1104 3886 1132 3937 ii.
1143 3886 1157 3949 b
1169 3891 1209 3937 16.
1236 3888 1306 3938 Bou·

350 3961 430 4010 lation
448 3963 470 4009 is
492 3959 584 4021 placed
602 3960 635 4020 by
652 3959 771 4007 Florence
787 3959 813 4005 in
839 3962 900 4018 quet
910 3958 997 4019 places
1008 3957 1050 4005 the
1062 3958 1131 4019 siege
1143 3958 1172 4007 ol
1181 3957 1304 4009 chartres

351 4030 412 4091 this,
431 4031 481 4080 and
500 4031 535 4090 by
545 4028 588 4077 the
607 4029 668 4078 Sax.
680 4028 812 4078 Chromin
839 4029 864 4075 ln
875 4031 941 4087 9113
961 4028 996 4075 ir.
1009 4042 1036 4087 p.
1046 4031 1105 4075 2⁵6.

352 4101 395 4150 the
405 4101 524 4162 previous
535 4113 605 4160 year·
873 4117 1064 4183 ⁸Ancrtosiua]
1083 4122 1125 4170 the
1144 4121 1222 4172 third.
1259 4123 1303 4172 He

387 4191 398 4221 ¹
413 4196 503 4242 Eodem
526 4198 637 4256 tempore.
650 4192 661 4255 ]
690 4191 814 4253 Compare
838 4192 898 4240 died
909 4192 935 4239 in
946 4190 1058 4239 October
1068 4194 1126 4240 91³.
