2888 4852
435 466 573 515 rnonns
598 464 867 513 ursronmnun.
1058 449 1123 511 521

175 633 243 689 tem
271 625 423 703 duravit,
446 643 625 706 quousque
653 622 790 705 plenum
816 623 860 687 ab
883 621 1038 686 hostibus
1063 624 1123 686 tri-

175 727 352 809 umphum,
369 734 407 789 nt
428 725 629 807 praedictum
653 731 717 799 cst,
738 722 949 786 Normannis
974 743 1043 785 nox
1064 743 1123 785 su-

174 828 378 907 perveniens
395 823 547 888 donavit.
600 822 643 886 In
663 823 727 885 hac
748 824 869 905 procul
884 823 988 886 dubio
1007 843 1124 905 pugna

173 926 293 990 ducem
320 925 532 989 Willclmum
557 923 675 987 divina
701 942 823 987 manns
848 924 1014 1005 protexit,
1042 923 1122 985 dum

175 1034 227 1090 tot
244 1026 371 1109 jaculis
397 1025 458 1088 illa
479 1024 534 1087 die
559 1042 753 1105 percussus,
778 1024 895 1087 hostes
916 1023 959 1087 de
982 1043 1124 1105 corpore

176 1125 251 1208 ejus
263 1125 347 1188 nihil
363 1123 543 1205 sanguinis
559 1123 681 1186 elicere
695 1132 893 1205 potuerunt.
925 1124 1009 1189 Dux
1020 1124 1127 1203 igitur

176 1224 384 1302 WillelmuS,
397 1224 555 1287 omnibus
570 1224 656 1286 bene
674 1224 867 1305 completiS,
882 1243 964 1287 suos
980 1223 1125 1305 sepelire

176 1324 318 1388 honeste
337 1324 484 1399 curavit,
501 1331 605 1404 atque
621 1322 778 1385 hostibus
795 1325 924 1405 absque
941 1325 1126 1399 calumnia,

176 1426 206 1487 si
219 1427 278 1507 qui
293 1426 435 1500 vellent,
446 1424 537 1486 idem
552 1422 700 1504 praebuit
716 1422 889 1486 licentiam
905 1423 1125 1504 exsequendi.

178 1519 329 1607 Corpus¹
354 1524 445 1606 regis
470 1522 617 1586 Haroldi
641 1523 743 1584 matri
769 1523 897 1604 petenti
920 1523 994 1584 sinc
1017 1524 1128 1604 pretio

177 1625 283 1700 misit,
306 1625 387 1688 licet
416 1623 476 1687 illa
500 1622 644 1685 multum
671 1642 733 1704 pcr
759 1623 898 1686 nuntios
924 1622 1126 1699 obtulisset;

177 1724 269 1807 quod
296 1731 475 1807 acceptum
504 1723 595 1804 apud
618 1720 798 1786 Waltham
824 1721 982 1805 sepelivit
1008 1724 1044 1786 in
1074 1742 1129 1786 ec-

178 1826 295 1902 clesia,
312 1844 416 1907 quam
433 1825 507 1904 ipse
522 1842 565 1885 ex
586 1824 724 1904 proprio
744 1831 987 1888 construxerat
1010 1823 1044 1885 in
1068 1823 1129 1886 ho—

179 1945 293 1988 norem
327 1932 456 1987 sanctae
489 1922 611 1999 cruciS,
646 1931 681 1985 et
713 1925 887 1987 canonicis
918 1923 1130 1986 secularibus

179 2025 370 2107 deputavit.
426 2023 529 2085 Hanc
545 2042 683 2104 quoque
699 2024 797 2105 regni
820 2024 1077 2087 subversionem
1096 2032 1131 2086 et

179 2126 358 2205 sanguinis
373 2122 571 2186 effusionem
588 2129 724 2186 cometa
738 2124 862 2204 ingens
885 2125 1078 2204 sanguinea
1096 2131 1130 2186 et

178 2225 301 2288 crinita
318 2225 352 2286 in
369 2223 511 2287 exordio
528 2222 621 2285 illius
639 2224 721 2285 anni
743 2243 916 2305 apparens
940 2224 1132 2305 praesigna·

180 2325 242 2399 vit,
260 2331 298 2388 ut
316 2324 456 2406 quidam
471 2323 574 2399 dixit,

387 2478 473 2533 Anno
486 2474 601 2532 milleno
625 2499 632 2514 ·
655 2493 806 2549 sexageno,
821 2493 935 2550 quoque
949 2492 1027 2542 seno,

341 2557 500 2631 Anglorum
515 2566 599 2612 motoe
624 2581 632 2596 ·
654 2555 782 2611 dammas
797 2573 911 2610 sensere
925 2564 1051 2612 cometae.

181 2695 307 2759 Actum
328 2706 381 2760 est
399 2706 516 2760 autem
532 2697 597 2758 hoc
611 2696 740 2758 bellum
758 2695 848 2777 apud
869 2695 1081 2776 Hastingum
1097 2698 1132 2759 in

179 2794 234 2856 die
252 2797 363 2857 sancti
382 2795 513 2859 Calixti
528 2813 640 2876 papae,
659 2794 769 2876 pridie
784 2794 862 2856 idus
880 2794 1053 2857 Octobris.

217 3016 223 3046 ¹
238 3020 332 3082 Cornu
348 3020 415 3081 regia
432 3019 549 3078 Hui-aldi,
570 3018 644 3066 matri
664 3013 698 3068 'os
708 3020 799 3068 Poitou
811 3034 871 3080 says
882 3019 937 3068 that
951 3020 993 3069 the
1006 3021 1136 3083 Conquer-

177 3090 291 3151 peteati]
311 3090 359 3137 For
375 3104 390 3138 a
407 3090 521 3139 succinet
538 3094 645 3137 account
669 3104 698 3138 or
712 3089 813 3138 refused
824 3090 866 3137 the
878 3090 944 3151 body
956 3091 985 3139 ol
1000 3091 1097 3139 Hamld
1109 3097 1135 3140 to

180 3159 210 3207 ol
222 3158 264 3207 the
283 3165 352 3219 story
371 3159 399 3207 ol
415 3154 535 3208 Hmold's
553 3173 645 3219 escape
670 3159 710 3208 his
721 3159 827 3219 mother,
840 3161 958 3223 ordering
975 3163 994 3209 it
1011 3166 1036 3209 to
1047 3162 1079 3210 be
1090 3162 1135 3209 bu·

180 3229 242 3276 from
259 3229 301 3278 the
318 3229 395 3278 battle
413 3229 441 3278 oi
458 3229 646 3291 hastingasee
671 3230 725 3279 ried
736 3245 768 3278 on
778 3230 962 3280 thesea-coast.
1002 3231 1065 3281 ibid.

182 3298 301 3348 Malmsh.
318 3295 508 3360 p.420‚nore³.
532 3298 645 3347 william
1096 3320 1100 3324 ·

510 3641 605 3690 FlNlS
630 3643 709 3690 VOL.
735 3643 758 3688 l.
