2888 4852
431 465 571 514 neonus
595 428 865 513 nrsronmnuu'.
1055 448 1121 512 457

173 641 310 703 scopus,
332 629 367 684 et
390 623 498 685 abbas
521 622 666 698 Wlsius,
687 642 763 685 cum
787 630 863 686 tota
890 622 961 685 sera
983 620 1122 703 Angliae

173 721 365 798 nobilitate,
395 723 454 805 qui
489 740 665 804 nunquam
699 730 802 785 antea
832 723 869 785 in
900 740 969 785 uno
1002 722 1123 804 praelio

175 829 306 884 tantam
324 830 475 903 stragem
494 821 732 903 pertulerunt3
760 820 876 886 Cnuto
894 842 989 898 vero,
1006 823 1042 884 in
1059 840 1125 884 sua

173 929 284 1002 parte,
301 922 337 984 in
355 921 474 985 eadem
500 920 555 985 dia
576 918 702 985 ducum
724 942 766 985 ac
783 923 934 986 virorum
958 921 1123 985 nobilium

174 1021 398 1102 irreparabile
415 1023 581 1085 sustinuit
596 1021 852 1086 detrimentum.
904 1021 1052 1085 Factum
1070 1029 1125 1084 est

175 1127 291 1184 autem
314 1120 379 1185 hoc
401 1122 544 1186 exitiale
566 1121 724 1204 praelium
745 1123 781 1186 in
797 1115 870 1186 ¹dia
889 1120 1002 1186 sancti
1018 1121 1124 1185 Lucae

175 1221 413 1303 evangelistar.

261 1394 310 1458 Da
323 1394 480 1481 aepulari
495 1395 662 1459 cartamine
676 1394 759 1459 mter
773 1394 999 1461 Ecdmuodam
1012 1405 1040 1461 at

557 1495 733 1560 coctorum.

229 1618 316 1683 Post
344 1618 408 1684 hoc
432 1619 653 1685 lamentabile
675 1619 814 1696 bellum,
836 1619 871 1683 in
894 1640 964 1703 quo
987 1626 1041 1684 tot
1065 1640 1127 1684 no·
1141 1645 1213 1695 arnna

179 1718 265 1782 biles
289 1728 506 1797 corruerunt,
528 1720 718 1805 interjectis
742 1721 862 1802 paucis
884 1720 1017 1798 diebus,
1040 1696 1258 1786 irrse-ffli'n'iii

179 1827 280 1882 cutus
298 1828 352 1882 ost
365 1839 428 1883 rex
441 1819 665 1905 Eadmundus
677 1819 885 1897 Cnutonem,
899 1820 935 1884 in
950 1820 1129 1903 provincia
1140 1796 1253 1837 'mm'

181 1917 425 1983 Gloverniensi
437 1920 513 2002 jam
529 1919 665 2002 praedas
677 1928 849 2002 agentem.
870 1914 1130 1985 'Convenerunt

178 2019 298 2101 itaque
321 2018 364 2081 ad
388 2026 563 2084 certamen
579 2021 614 2082 in
633 2020 722 2097 loco,
738 2020 798 2102 qui
814 2019 1019 2083 Dierhurste
1036 2020 1128 2085 dice·

180 2119 295 2194 batur,
313 2116 396 2181 dicti
417 2138 528 2201 reges,
550 2120 609 2183 ubi
625 2119 850 2183 Eadmundus
871 2119 907 2183 in
926 2120 1130 2184 occidentali

180 2226 278 2299 parte
299 2217 455 2282 Sabrinae
474 2218 626 2282 fluminis
649 2239 728 2283 cum
751 2220 836 2295 suis,
859 2227 894 2283 et
909 2219 1025 2284 Cnuto
1051 2240 1129 2284 cum

179 2319 252 2380 suis
276 2318 311 2380 in
342 2327 441 2400 parta
473 2319 643 2396 orientali,
671 2320 853 2384 constituti
881 2339 957 2383 sese
984 2319 1130 2384 viriliter

180 2426 464 2500 praeparaverunt
488 2418 531 2482 ad
560 2439 733 2501 pugnam;
762 2427 901 2484 etcum
933 2420 1024 2483 acies
1049 2420 1128 2486 binc

181 2518 260 2582 inda
284 2518 461 2602 dispositae
485 2527 601 2583 essent
620 2519 663 2583 ad
686 2520 969 2596 concurrendum,
989 2521 1129 2603 iniquus

182 2619 255 2682 dux
280 2619 461 2695 Eadricus,
490 2621 708 2701 magnatibus
737 2620 949 2697 convocatis,
974 2620 1009 2683 in
1041 2619 1129 2685 hanc

182 2737 302 2782 vocem
318 2719 489 2801 prorupit,
501 2717 631 2796 dicens,
647 2719 699 2783 ‘0
714 2720 882 2784 insensati
896 2717 1028 2783 nobiles
1045 2728 1079 2784 et
1094 2720 1130 2782 in

183 2817 288 2880 armis
308 2826 480 2899 potentes,
498 2838 560 2882 cur
584 2820 688 2883 toties
711 2820 747 2882 in
768 2819 857 2882 bello
882 2820 1046 2883 morimur
1068 2840 1131 2902 pro

184 2917 323 2998 regibus
345 2918 485 2994 nostris,
505 2938 583 2982 cum
600 2919 678 3000 ipsi,
699 2919 797 2982 nobis
812 2918 1050 2996 morientibus,
1067 2940 1130 2984 nec

184 3035 327 3097 regnum
343 3018 534 3094 obtineant,
551 3037 613 3081 nec
633 3017 790 3083 avaritiae
810 3037 882 3081 suae
901 3018 1003 3081 finem
1020 3020 1130 3102 impo-

185 3123 294 3195 nant;
330 3125 496 3198 pugnent,
527 3118 681 3194 consulo,
712 3126 869 3200 pugnent
897 3118 1131 3200 singulariter,

184 3215 244 3298 qui
274 3216 497 3297 singulariter
527 3236 672 3298 regnare
700 3217 939 3298 contendunt3
972 3238 1051 3302 quae
1078 3228 1133 3284 est

184 3317 275 3380 onim
305 3315 373 3380 ista
401 3317 568 3398 regnandi
603 3317 720 3394 libido,
748 3317 839 3400 quod
868 3317 999 3402 Anglia
1029 3319 1133 3384 modo

185 3417 319 3480 duobus
342 3435 410 3480 non
435 3415 572 3494 sufficit,
586 3436 664 3500 quae
681 3417 762 3481 olim
786 3426 865 3482 octo
886 3420 1024 3501 regibus
1046 3420 1132 3483 satis

185 3517 276 3581 suitl
330 3517 456 3600 Itaque
484 3517 539 3581 vel
564 3518 630 3582 soli
657 3525 877 3599 componant,
901 3519 957 3583 vel
979 3519 1045 3583 soli
1069 3538 1132 3601 pro

185 3636 290 3698 regno
317 3617 518 3681 decertent'
570 3617 708 3682 Placuit
733 3625 847 3681 autem
873 3620 1031 3682 omnibus
1057 3619 1132 3683 baec

185 3717 369 3792 sententia,
391 3725 438 3792 et,
456 3717 499 3780 ad
523 3737 623 3800 reges
642 3737 821 3800 procerum
841 3718 957 3783 delato
977 3719 1132 3796 arbitrio,

185 3815 251 3896 ipsi
271 3817 517 3881 consentiendo
537 3819 788 3900 approbabant.
841 3818 905 3882 Est
920 3826 1035 3883 autem
1055 3820 1132 3882 bre·

221 4063 287 4113 ¹Die
299 4064 488 4129 anartium]
500 4064 542 4114 the
555 4065 652 4115 lBthol'
673 4065 736 4115 with
749 4066 925 4130 Huntingdon.
959 4067 1013 4116 The
1024 4073 1075 4117 two
1086 4068 1135 4119 sor·

185 4136 304 4186 October.
674 4151 727 4186 mer
737 4137 817 4198 apealr
829 4137 858 4186 os
871 4138 913 4186 tha
930 4139 1038 4201 meating
1049 4155 1081 4188 on
1092 4140 1134 4189 tha

220 4203 405 4255 ’Convenerunt
415 4203 516 4269 itaqua]
524 4204 649 4267 Compare
675 4207 758 4256 island
776 4208 805 4257 ol
818 4208 918 4270 Aluey;
936 4207 979 4257 the
998 4208 1049 4259 lust
1067 4224 1136 4260 men·

185 4278 227 4327 the
249 4277 310 4326 Sar.
334 4274 427 4325 Cliton.
454 4274 504 4323 and
531 4276 650 4326 llorrnce
674 4277 740 4327 tione
750 4277 809 4339 only
819 4277 862 4328 tlrc
874 4278 942 4328 duel.
