2888 4852
309 419 375 484 180
558 432 692 481 nocam
720 432 767 479 nu
789 430 996 481 wnunovnn

309 593 405 660 humi
420 599 566 676 partem,
580 591 640 656 uhi
660 611 786 674 aquam
808 598 954 655 noverat
974 587 1081 652 fuisse
1103 585 1259 662 chusam,

310 713 381 777 qua
395 712 521 776 corpus
544 693 637 756 beati
656 692 766 775 patris
787 690 986 755 defunctum
1006 689 1115 752 lotum
1132 685 1259 760 suerat,

310 796 348 858 in
379 811 506 875 aquam
536 793 689 868 mittens,
725 791 776 855 ori
807 790 971 873 patientis
999 787 1153 867 infudit3
1186 785 1260 869 qui,

311 894 477 957 continuo
500 900 540 955 ut
563 911 689 975 aquam
711 891 841 972 attigit,
863 889 978 953 furere
999 887 1161 964 cessavit,
1183 885 1260 969 pla·

312 992 390 1056 cido
412 1011 536 1075 sopore
558 998 695 1056 noctem
711 989 894 1071 transegit,
909 996 944 1054 et
966 1006 1068 1051 mane
1084 986 1177 1050 sacto
1200 1004 1263 1068 per

312 1092 477 1156 virtutem
494 1092 587 1155 beati
601 1089 711 1173 patris
727 1088 908 1154 cuthberti
922 1088 1105 1152 liberatum
1125 1105 1163 1151 se
1185 1103 1263 1149 csse

313 1190 489 1272 cognovit.
542 1190 701 1272 Denique
727 1188 913 1253 transactis
937 1206 959 1252 a
981 1186 1161 1270 sepultura
1185 1184 1262 1270 ejus

312 1290 472 1356 undecim
500 1290 613 1366 annis,
642 1288 784 1352 immisit
812 1287 910 1352 Deus
938 1287 976 1350 in
1003 1286 1163 1351 cordibus
1191 1283 1262 1347 sra-

313 1396 418 1467 trum,
434 1397 474 1455 ut
495 1408 638 1473 corpore
648 1388 736 1472 jam,
755 1393 795 1450 ut
813 1387 1010 1464 credebant,
1029 1385 1065 1449 in
1084 1384 1262 1468 pulverem

314 1490 467 1567 redacto,
489 1508 569 1554 ossa
595 1507 690 1552 more
715 1493 929 1552 mortuorum
950 1485 1025 1570 jam
1051 1484 1205 1551 arefacta
1227 1490 1263 1548 et

314 1589 489 1654 desiccata
514 1590 551 1653 in
577 1588 647 1652 levi
670 1587 794 1651 locello
820 1586 1055 1651 reconderent.
1108 1585 1201 1649 Dum
1226 1583 1261 1647 id

315 1689 488 1754 Eadberto
503 1688 652 1753 antistiti
666 1706 729 1751 suo
744 1686 922 1764 referrent,
942 1705 1060 1750 eorum
1080 1684 1263 1750 consilium

315 1788 533 1873 approbavit,
558 1787 666 1870 jussit
691 1806 787 1869 ergo,
815 1793 855 1849 ut
882 1786 919 1849 in
950 1785 1006 1848 die
1036 1784 1262 1867 depositionis

315 1889 392 1972 ejus
424 1888 489 1952 hoc
523 1887 702 1967 facerent;
733 1887 793 1969 qui
822 1886 1015 1968 aperientes
1042 1883 1263 1968 sepulchrum

315 1989 523 2052 invenerunt
541 2006 666 2069 corpus
686 1993 797 2051 totum
812 1985 913 2069 quasi
934 1985 1046 2048 adhuc
1059 1985 1194 2050 viveret
1210 1984 1265 2048 in-

316 2094 454 2170 tegrum
480 2093 516 2150 et
538 2086 682 2168 integris
710 2094 848 2151 artuum
871 2085 1096 2168 compagibus
1117 2083 1266 2148 indisso·

316 2187 440 2263 lutum,
463 2186 573 2250 multo
601 2185 783 2250 dormienti
813 2184 959 2249 similius
984 2203 1088 2267 quam
1115 2192 1266 2262 mortuo,

317 2286 369 2350 ita
389 2285 539 2368 quidem,
557 2285 651 2369 quod
670 2286 785 2349 omnia
802 2285 878 2368 ejus
898 2285 1112 2363 indumenta,
1128 2285 1266 2366 quibus,

248 2473 249 2476 Ἴ
318 2392 359 2449 ut
372 2386 567 2467 pontificem
579 2386 733 2462 decebat,
749 2385 890 2449 indutus
906 2384 1030 2462 luerat,
1042 2383 1266 2466 integerrima

317 2485 389 2550 sint
418 2484 571 2549 inventa.
624 2484 704 2549 Hac
732 2492 902 2568 praeterea
928 2491 1134 2567 tempestate
1165 2476 1266 2548 ¹luna

319 2585 473 2666 eclipsim
488 2604 592 2668 passa
608 2592 662 2649 ost
683 2585 869 2649 indictione
887 2591 1033 2664 octava3
1059 2584 1111 2648 sol
1126 2603 1266 2667 quoque

319 2683 445 2748 defecit
458 2684 542 2748 hora
556 2684 624 2748 diei
634 2685 734 2768 quasi
746 2684 1009 2766 decimequinto
1018 2703 1128 2748 nonas
1138 2685 1266 2764 Maias;

260 2834 266 2847 .
319 2790 356 2848 et
377 2784 497 2848 eodem
519 2803 610 2848 anno
633 2785 819 2848 subsecuta
848 2792 902 2848 est
926 2785 1131 2865 gravissima
1157 2785 1267 2867 pestis

320 2885 431 2948 tribus
446 2885 633 2961 mensibus,
648 2883 670 2947 J
674 2884 745 2947 ulio
759 2883 931 2959 videlicet,
948 2882 1112 2966 Augusto
1128 2891 1163 2949 et
1182 2883 1269 2967 Sep·

320 2984 463 3063 tembri3
487 2983 622 3066 fuitque
640 2982 763 3047 Romae
779 2983 973 3048 mortalitas
987 3003 1126 3066 magna.
1178 2984 1270 3049 Hoec

320 3083 468 3165 denique
485 3083 682 3166 pestilentia
696 3083 855 3146 Ticinum
870 3082 957 3147 adeo
974 3083 1186 3166 depopulata
1202 3092 1268 3162 est,

321 3192 372 3260 ut,
391 3184 524 3247 civibus
548 3202 610 3264 per
628 3182 718 3264 juga
739 3184 909 3246 montium
932 3183 1156 3264 fugientibus,
1175 3185 1269 3248 intra

321 3282 504 3365 praelatam
528 3282 647 3345 urbem
673 3281 786 3346 herbae
811 3285 1035 3347 nascerentur
1059 3291 1095 3347 et
1119 3283 1269 3365 fruteta3

321 3381 382 3443 ubi
399 3381 504 3444 etiam
519 3379 588 3443 duo
610 3382 726 3462 angeli
743 3382 924 3445 visibiliter
940 3389 1176 3466 apparuerunt
1195 3403 1270 3467 per·

323 3486 444 3561 gentes
463 3500 525 3562 per
540 3479 730 3558 civitatem,
747 3482 859 3544 honus
878 3482 1010 3546 scilicet
1031 3490 1067 3547 et
1083 3482 1271 3566 malignus,

323 3580 382 3661 qui
412 3579 571 3661 quotiens
602 3599 680 3642 cum
711 3581 895 3658 venabulo,
927 3582 1019 3664 quod
1049 3602 1154 3646 manu
1182 3583 1271 3648 sere-

322 3678 394 3755 bat,
418 3679 545 3743 ostium
568 3679 815 3763 cujuscumque
835 3680 956 3745 domus
975 3682 1079 3765 jussu
1103 3683 1187 3747 boni
1207 3703 1271 3747 an·

322 3778 391 3859 geli
418 3780 657 3861 percussisset,
685 3786 740 3843 tot
766 3779 808 3843 de
836 3781 953 3844 eadem
982 3783 1085 3847 domo
1114 3786 1274 3865 sequenti

322 3878 377 3941 die
399 3878 573 3942 hominum
598 3880 768 3943 cadavera
790 3881 1027 3947 trahebantur.
1079 3882 1180 3947 Tunc
1198 3886 1275 3967 qui-

357 4082 451 4135 ¹Lano
460 4083 591 4155 eclipsim]
609 4089 634 4137 It
645 4090 787 4152 happened,
814 4106 855 4140 an.
883 4091 896 4158 ξ
926 4097 972 4151 13;
1000 4093 1082 4157 Beda,
1112 4094 1206 4145 chron.
1231 4097 1272 4147 ed.

322 4157 459 4220 according
481 4162 507 4205 to
530 4158 667 4220 Calvisius,
690 4176 721 4208 on
744 4160 786 4209 the
812 4163 990 4226 Smith,p.3l.

325 4227 383 4276 rsth
401 4227 470 4277 dune
490 4231 557 4288 68⁰3
593 4243 635 4278 see
660 4230 735 4293 Pagi,
752 4231 785 4279 ad
