2888 4852
397 432 537 481 ruerus
560 431 829 481 mercurinus.
1062 416 1085 480 9

133 592 268 669 seriam,
280 608 397 673 quam,
408 610 454 654 ex
470 591 608 657 nomine
624 592 734 676 ejus,‘
746 591 863 655 Fridai
874 589 883 617 ’
894 592 1085 656 vocamus!

133 691 191 756 Ad
205 691 271 754 boc
285 690 530 772 vortigernus,
543 697 554 726 ⁴
567 692 623 756 De
640 691 844 756 credulitate
860 699 989 768 vestra,
1006 710 1085 774 quae

135 792 251 875 potius
266 789 491 854 incredulitas
506 790 574 854 dici
588 799 716 876 potest,
727 792 947 857 vehementer
963 791 1084 870 doleo;

135 891 178 955 de
191 891 345 955 adventu
359 897 476 956 autem
492 898 609 957 vestro
622 892 769 975 gaudeo,
785 891 868 975 quia
880 893 917 956 in
931 910 1086 974 congruo

135 1001 291 1074 tompore
316 1010 380 1056 vos
413 992 613 1056 necessitati
643 1012 742 1070 meae,
770 993 844 1057 sive
874 993 983 1068 Deus,
1011 992 1086 1056 sive

137 1092 227 1156 alius
245 1091 384 1156 obtulit.
430 1091 641 1175 Opprimunt
655 1111 709 1156 me
726 1093 853 1157 etenim
875 1092 1006 1156 inimici
1019 1092 1086 1155 mei

137 1191 301 1275 undique,
317 1191 395 1255 etsi
409 1191 562 1257 laborem
576 1192 774 1275 praeliorum
785 1212 937 1257 meorum
952 1210 1087 1256 mecum

138 1292 488 1369 communicaveritis,
511 1293 666 1357 retinebo
694 1312 757 1357 vos
785 1292 971 1358 honorifice
994 1293 1089 1356 intra

138 1411 284 1474 regnum
308 1410 432 1468 meum,
462 1401 498 1456 et
520 1392 667 1457 diversis
697 1394 895 1457 muneribus
924 1401 960 1457 et
993 1392 1088 1474 agris

139 1491 282 1558 ditabo?
345 1490 542 1556 Potuerunt
573 1493 666 1559 illico
702 1494 852 1569 barbari,
891 1500 926 1557 et
959 1492 1089 1556 foedere

141 1592 367 1658 confirmato
358 1612 394 1655 111
412 1592 508 1655 curia
523 1593 632 1676 ipsius
651 1586 921 1657 ¹.remanserunt

194 1693 326 1758 Eodem
342 1711 434 1756 anno
450 1693 646 1757 nuntiatum
663 1694 767 1757 estin
782 1693 978 1770 Britannia,
989 1691 1091 1757 Pela·
1103 1709 1202 1810 rubrus
1216 1708 1253 1748 he

142 1796 281 1877 gianam
299 1791 560 1875 perversitatem
583 1794 721 1871 iterum,
738 1795 857 1876 paucis
881 1771 1157 1870 auctoribus,'‘⁸''

144 1886 334 1972 dilatari;²
340 1912 529 1977 rursusque
544 1893 587 1957 ad
603 1893 839 1958 beatissimum
855 1887 1093 1958 ³Germanum

143 2014 263 2077 preces
289 1993 537 2058 Britannorum
561 1993 772 2072 deferuntur,
795 2002 835 2059 ut
862 2013 1002 2058 causam
1026 1992 1093 2056 Ilei

144 2103 179 2159 et
194 2094 276 2159 belli
296 2094 486 2176 spiritualis
501 2101 675 2158 certamen
691 2113 866 2159 assumere
879 2094 1092 2176 dignaretur.

145 2195 303 2274 Quorum
317 2194 475 2277 petitioni
490 2193 636 2257 festinus
655 2194 909 2277 obtemperans,
929 2193 1094 2278 adjuncto

143 2296 210 2360 sibi
223 2289 371 2359 ⁴Severo
387 2294 494 2358 totius
508 2294 705 2358 sanctitatis
722 2295 809 2371 viro,
823 2295 884 2379 qui
900 2300 976 2358 erat
990 2293 1093 2357 disci·

144 2395 248 2478 pulos
260 2393 453 2458 beatissimi
469 2395 579 2476 patris
597 2394 699 2478 Lupi,
713 2401 749 2458 et
764 2402 846 2458 tunc
861 2394 1023 2458 Treveris
1037 2413 1093 2458 or·

144 2495 284 2559 dinatus
299 2495 494 2577 episcopus,
514 2514 607 2558 marc
629 2494 842 2573 conscendit,
857 2501 904 2571 ot,
920 2493 1094 2558 consenti·

146 2595 284 2658 cutibus
302 2592 492 2670 elementis,
511 2595 699 2677 tranquillo
715 2595 855 2676 navigio
876 2593 1095 2659 Britanniam

145 2695 245 2777 petit.
298 2693 506 2758 Praedicatio
535 2694 643 2775 igitur
669 2693 791 2758 deinde
820 2694 863 2758 ad
889 2694 1022 2776 plebem
1052 2692 1095 2757 de

146 2793 444 2878 praevaricationis
466 2793 704 2858 emendatione
731 2794 956 2871 convertitur,
985 2794 1096 2857 omni·

146 2913 275 2978 umque
303 2893 476 2957 sententia
499 2895 710 2974 pravitatum
743 2902 902 2959 auctores
935 2893 1096 2957 condem·

148 3004 305 3073 nantur3
340 2992 537 3074 factumque
569 3000 623 3056 est
649 2999 690 3056 ut
714 2992 782 3056 illis
809 2993 845 3056 in
875 2993 961 3057 locis
989 2992 1098 3056 multo

148 3115 192 3160 ex
210 3114 253 3158 eo
268 3101 422 3175 tempore
436 3092 521 3155 fides
537 3092 742 3156 intemerata
756 3093 970 3176 perduraret.
1023 3092 1098 3156 Ita·

149 3215 218 3279 que
240 3192 441 3277 compositis
461 3192 619 3257 omnibus
643 3192 737 3256 beati
758 3193 956 3259 sacerdotes
973 3212 1016 3256 ea
1029 3210 1099 3275 qua

149 3301 316 3360 venerant
330 3292 561 3376 prosperitate
578 3286 786 3357 ⁵redierunt.

186 3607 412 3672 'mmmm
436 3609 490 3657 The
511 3623 625 3659 conver·¹
672 3606 872 3673 ⁸Germcnm]
894 3607 1049 3671 Germanus,
1063 3609 1102 3658 bi·

151 3683 232 3732 sation
256 3679 286 3729 ol
309 3679 425 3741 llsngest
444 3680 507 3728 with
530 3680 615 3740 Wyrt-
639 3680 703 3742 shop
715 3681 744 3729 ol
752 3681 940 3742 Auxerre‚was
951 3681 1012 3729 born
1024 3681 1103 3730 about

152 3766 242 3814 georne
252 3752 276 3799 is
292 3749 388 3798 related
404 3750 438 3810 by
451 3749 571 3811 Geoffrey
588 3748 618 3799 oi
639 3755 697 3812 ³7⁸,
707 3752 758 3800 end
768 3751 828 3800 died
839 3752 864 3799 in
875 3754 933 3801 448.

152 3819 311 3883 Monmoutb,
321 3819 392 3868 Hist.
403 3819 438 3869 vi.
450 3834 507 3881 cup.
520 3823 562 3870 10.
662 3816 803 3888 Ἔπη]
819 3822 938 3883 Severus,
948 3820 1101 3882 erchbisbop

639 3890 668 3939 oi
675 3891 778 3952 l'reves,
788 3891 848 3940 died
860 3892 887 3939 in
899 3892 941 3940 the
952 3904 1013 3950 year
1022 3894 1081 3939 455.

187 3954 379 4024 ’RursusqueJ
398 3956 542 4008 Germanus
561 3974 616 4009 was
675 3957 855 4023 ‘Redierunt.]
879 3961 928 4009 See
950 3959 1006 4006 Lite
1026 3961 1055 4009 ol
1074 3959 1102 4009 S.

153 4029 332 4092 accompanied
346 4044 379 4078 on
395 4027 436 4077 bis
447 4030 501 4078 first
511 4029 616 4079 mission
640 4029 793 4089 Germanus,
812 4032 845 4091 by
858 4029 1022 4080 Constantius
1033 4030 1102 4090 Lug-

154 4105 206 4151 into
220 4101 346 4162 England‚
363 4099 390 4147 in
401 4103 460 4160 449,
479 4101 512 4159 by
525 4100 616 4162 Lupus
641 4101 770 4159 dunensis,
792 4102 856 4149 inter
868 4100 935 4148 Aeta
946 4100 1103 4160 Sanctorum,

154 4171 243 4233 bisbop
253 4170 282 4220 ot
289 4171 394 4231 Troyes.
431 4169 495 4219 Bed.
507 4170 521 4233 b
533 4174 572 4220 ³9.
641 4170 696 4221 Jul.
708 4171 751 4219 vii.
763 4174 821 4220 213.
