2888 4852
435 430 575 482 rwaes
599 432 870 482 nrsronrsnuu.
1062 416 1126 483 151

176 597 211 654 ct
226 597 421 673 magnates,
437 611 526 676 quos
539 591 666 656 habere
687 591 813 674 potuit,
829 590 1013 655 convocari
1035 611 1124 673 pree·

177 690 282 773 oepit,
307 698 344 756 et
369 712 441 756 rem
465 712 527 775 per
550 692 704 756 ordinem
726 691 877 756 referens
895 691 1045 775 qualiter
1065 711 1124 756 co·

176 789 295 854 lumna
325 791 412 855 lucis
441 793 575 857 caelitus
611 812 717 876 super
751 799 947 857 sanctorum
977 811 1124 874 corpora

177 891 304 955 emissa
329 890 564 958 descenderat.
610 892 902 976 Archiepiscopus
924 892 1020 957 dedit
1041 913 1123 957 con·

175 990 303 1069 aihum,
320 998 360 1056 ut
374 1010 521 1076 corpora
541 993 763 1057 innocentum
782 993 827 1056 ad
849 992 1029 1056 eeclesiam
1052 1012 1123 1056 me·

177 1091 422 1173 tropolitanam
445 1099 678 1176 portarentur,
694 1101 731 1158 et
747 1092 796 1156 ibi
815 1092 1003 1175 sepulturae
1029 1111 1123 1155 more

177 1192 273 1273 regio
297 1191 533 1272 traderentur3
559 1201 594 1258 et
617 1193 720 1256 simul
743 1191 787 1255 ad
807 1192 920 1255 locum
934 1191 1124 1267 venientes,

177 1292 240 1354 sub
269 1293 363 1372 regis
385 1292 550 1357 cathedra
574 1301 716 1356 sanctas
737 1291 900 1375 reliquias
927 1290 1124 1354 indecenter

177 1391 310 1473 positas
331 1399 542 1475 repererunt.
602 1390 823 1456 Gerebantur
845 1398 961 1456 autem
990 1391 1065 1453 haec
1087 1391 1123 1453 in

176 1490 262 1555 villa
284 1493 394 1574 regia,
419 1511 498 1576 quae
515 1492 675 1557 Eastreia
698 1492 888 1556 dicebatur.
934 1489 1123 1554 collocatis
1135 1512 1257 1562 leaena

176 1591 283 1674 igitur
294 1600 492 1657 sauctorum
510 1592 678 1675 reliquiis,
695 1600 734 1657 ut
748 1592 903 1668 decebat,
918 1590 962 1654 ad
981 1597 1123 1673 portan—
1135 1562 1240 1604 ‘’mm''

176 1691 257 1755 dnm
270 1691 307 1755 in
323 1692 471 1770 feretris,
483 1693 591 1778 jussit
610 1692 889 1775 archiepiscopus
903 1698 942 1755 ut
955 1691 1000 1754 ad
1015 1691 1124 1754 eccle·

176 1791 263 1855 siam
285 1791 416 1857 Christi
441 1793 639 1859 cantuariae
664 1799 897 1874 portarentur,
920 1790 981 1854 sed
1008 1790 1045 1854 in
1061 1810 1124 1854 va·

177 1911 271 1969 num,
301 1892 453 1977 quiade
481 1893 559 1958 loco
588 1892 718 1956 moveri
749 1911 817 1955 non
848 1898 1020 1974 poterant,
1045 1890 1125 1955 licet

176 1992 286 2057 multo
305 1992 485 2057 conamine
504 1990 743 2070 adtentarent3
765 1998 901 2056 mutato
913 1992 1031 2074 itaque
1044 2009 1126 2054 con·

175 2091 266 2170 silio,
279 2100 321 2158 ut
335 2092 380 2157 ad
402 2092 496 2157 beati
513 2091 702 2174 Augustini
715 2092 922 2156 veherentur
934 2090 1126 2167 basilicam,

176 2192 262 2257 nihil
294 2192 452 2259 similiter
478 2191 709 2276 proiecerunt.
759 2191 916 2256 Tandem
948 2191 1125 2274 provisum

176 2301 242 2370 est,
257 2301 298 2358 ut
321 2301 543 2377 portarentur
567 2292 610 2357 ad
628 2286 858 2357 ¹Waerinense
880 2291 1125 2355 monasterium

175 2393 454 2472 famosissimum,
484 2393 556 2477 qui,
582 2399 717 2457 mutato
746 2392 937 2474 proposito,
968 2391 1127 2456 vehicula

177 2494 263 2558 adeo
278 2494 348 2559 levi
361 2494 541 2559 conamine
554 2493 784 2558 sublevabant
795 2511 837 2556 ac
859 2493 889 2555 si
911 2490 996 2555 nibil
1011 2491 1126 2554 oneris

177 2593 391 2672 habuissent,
416 2614 486 2677 quo
512 2613 590 2658 cnm
623 2592 872 2675 pervenissent,
894 2590 1051 2674 exequiis
1082 2592 1126 2654 ab

176 2694 436 2778 archiepiscopo
464 2695 530 2758 rite
555 2693 720 2777 peractis,
752 2699 951 2756 sanctorum
980 2709 1126 2772 corpora

172 2795 281 2879 juxta
303 2794 419 2879 majus
447 2794 557 2858 altare
581 2793 724 2858 uadunt
757 2793 964 2875 sepultnrae3
997 2809 1068 2875 quo
1090 2791 1125 2853 in

178 2895 255 2959 loco
274 2894 319 2959 ad
339 2894 476 2959 laudem
501 2893 568 2958 Dei
581 2900 619 2958 et
634 2912 753 2957 eorum
770 2892 917 2974 gloriam
931 2891 1041 2955 multa
1062 2890 1125 2953 mi-

176 2994 374 3060 raculorum
401 2994 553 3075 iusignia
582 3000 747 3076 operatur
777 2991 896 3056 divina
931 2989 1125 3055 clementia.

179 3095 337 3178 Contigit
361 3115 403 3160 eo
428 3102 595 3175 tempore,
622 3112 720 3157 soror
752 3091 845 3173 regis
873 3085 1127 3171 ²Ermenburga

177 3202 218 3260 ut
240 3195 383 3259 dimisso
404 3194 529 3259 marito
555 3212 631 3270 suo,
655 3191 785 3256 Pendae
807 3192 899 3272 regis
917 3191 1126 3255 Merciorum

180 3295 264 3372 tilio,
288 3295 366 3380 ejus
389 3314 468 3360 cum
491 3312 662 3359 consensu
685 3298 818 3356 castam
840 3291 983 3373 eligeret
1001 3290 1127 3354 ducere
1238 3302 1241 3308 '

178 3397 310 3475 vitam;
344 3414 423 3479 quae
451 3386 530 3458 cum
561 3393 693 3457 familia
723 3411 788 3456 sua
818 3391 862 3455 ad
894 3391 1036 3455 fratrem
1068 3410 1127 3455 ve·

177 3497 297 3573 nisset,
322 3502 358 3560 et
378 3514 479 3559 suum
503 3493 718 3577 propositum
740 3492 772 3555 ei
795 3491 995 3568 indicasset,
1016 3485 1128 3555 ³dedit

214 3691 222 3723 ¹
239 3690 390 3742 Waerimoe
397 3682 590 3755 munerun]
609 3687 640 3735 In
700 3678 917 3748 'ErmenbsrgnJ
931 3683 1131 3745 Formenburga,

180 3763 315 3826 Cepgrave
326 3762 346 3809 it
357 3763 379 3809 ie
390 3758 473 3809 called
485 3757 640 3819 Wakering;
665 3771 694 3805 or
716 3757 857 3815 Domneve,
880 3753 1016 3815 according
1041 3759 1066 3801 to
1091 3755 1130 3801 Si·

179 3835 206 3884 ln
217 3835 327 3894 Simeon,
337 3827 577 3890 Waerinense,who
588 3828 642 3876 also
667 3841 749 3884 meon,
768 3825 826 3874 who
843 3828 921 3873 states
939 3823 995 3871 that
1011 3822 1056 3873 she
1075 3838 1130 3873 was

180 3903 276 3967 speaks
285 3903 315 3953 ot
328 3903 349 3951 lt
366 3915 396 3950 as
412 3892 642 3949 ‘famosissimum’
667 3901 724 3946 rent
734 3896 773 3945 ior
785 3896 819 3956 by
830 3893 966 3956 Ecgberht.

179 3975 234 4025 ‘lhe
244 3974 355 4024 mmalns
364 3970 393 4020 ot
402 3968 444 4020 the
452 3969 567 4020 brothers
574 3982 643 4018 were
703 3964 714 3997 ⁸
725 3965 802 4015 Dedit
821 3964 860 4012 illi
879 3962 977 4026 locam]
1000 3963 1039 4011 As
1055 3962 1131 4011 much

181 4046 266 4106 finally
277 4041 395 4093 nmoved
406 4047 432 4090 to
442 4041 553 4102 Rsmsey
562 4040 644 4101 abbey
668 4052 697 4086 as
708 4052 725 4086 a
736 4042 792 4098 stag
803 4034 878 4084 could
889 4034 969 4082 traval
980 4048 1040 4081 over
1048 4034 1073 4080 in
1084 4046 1131 4081 one

181 4116 207 4165 in
217 4110 528 4173 daemoniacorum
537 4109 644 4159 Oswald
668 4109 729 4170 day.
766 4107 873 4156 Minstre
891 4104 916 4151 in
926 4103 1024 4151 Thauet
1036 4103 1058 4149 is
1071 4116 1133 4162 sup-

180 4184 333 4245 arohbirhop
368 4180 398 4230 ol
422 4181 567 4229 worcester
594 4180 644 4229 and
669 4179 747 4241 poaed
771 4183 797 4226 to
820 4177 884 4224 have
907 4175 970 4223 been
992 4173 1034 4220 the
1051 4171 1133 4231 abbey

182 4255 262 4306 York.
298 4248 512 4317 mmmmm.
669 4248 791 4310 founded,
816 4261 876 4296 over
892 4242 977 4294 which
1002 4242 1134 4292 Domneva
