2888 4852
319 421 363 486 68
571 435 704 485 noorai
730 437 777 484 on
801 436 1008 486 wasnovns

321 605 387 675 est,
403 597 477 660 sine
494 595 620 679 capite,
634 594 750 659 nullus
770 594 859 658 enim
877 593 970 658 illius
987 593 1128 658 haeresis
1151 600 1274 659 auctor

322 698 503 782 reperitur.
555 694 606 758 Hi
633 694 737 758 trium
758 694 986 778 capitulorum
1010 691 1272 758 Chalcedonen-

323 799 371 862 sis
398 796 534 862 conoilii
558 803 639 859 sunt
656 802 917 877 repugnatores
940 794 1086 859 duarum
1108 795 1274 858 substan·

322 899 448 962 tiaram
465 898 502 960 in
520 895 660 960 Christo
685 895 931 978 proprietatem
958 901 1099 976 negant,
1115 902 1150 958 et
1168 913 1273 958 unam

322 999 357 1062 in
384 998 460 1082 ejus
479 1015 628 1080 persona
642 1003 802 1059 naturam
821 994 1023 1077 praedicant.
1075 991 1274 1059 Adstruunt
1314 1060 1322 1073 ,

322 1099 413 1163 enim
437 1096 587 1161 Paulum
611 1094 808 1178 apostolum
834 1095 871 1158 in
896 1094 969 1157 suis
1000 1093 1158 1177 epistolis
1183 1114 1273 1178 prae-

323 1199 455 1282 cepisse
477 1195 637 1261 foeminas
662 1195 786 1259 debere
810 1194 885 1259 fieri
906 1194 1084 1272 diaconas,
1107 1195 1192 1278 quia
1212 1213 1273 1259 eas

322 1304 567 1364 commemorat
581 1303 661 1380 post
675 1294 852 1359 diaconos,

597 1494 800 1560 Juatiaiaaas
814 1494 994 1586 imperator.

161 1668 271 1759 ffiiffl.
374 1645 478 1711 Anno
494 1646 617 1729 gratiae
643 1638 1046 1710 nxxv11.¹Justiuianus
1073 1646 1272 1712 Romanum

161 1780 262 1820 sumna.
322 1748 514 1832 suscipiens
539 1745 719 1830 imperium
750 1744 850 1809 annis
881 1746 1025 1828 triginta
1056 1754 1135 1812 octo
1161 1749 1271 1830 impc-

322 1850 425 1922 ravit,
477 1847 608 1911 Eodem
631 1865 722 1910 anno
744 1853 913 1909 venerunt
934 1845 977 1910 de
1000 1844 1189 1913 Germania
1212 1867 1274 1931 pa-

323 1950 405 2031 gani
420 1956 456 2012 ct
473 1953 687 2030 occuparunt
703 1945 949 2028 Est-angliam,
963 1945 1078 2025 idest,
1094 1949 1271 2030 regionem

321 2048 416 2112 illam
442 2067 520 2129 quae
548 2045 766 2110 orientalium
793 2044 987 2127 Anglorum
1012 2046 1110 2130 regio
1132 2048 1270 2125 dicitur,

321 2167 468 2229 quorum
491 2146 631 2230 quidam
649 2145 817 2209 Marciam
838 2146 1054 2224 invadentes,
1080 2147 1171 2213 bella
1192 2168 1272 2213 cum

323 2247 524 2311 Britonibns
551 2247 700 2329 plurima
730 2253 962 2329 peregerunt3
996 2247 1070 2324 sed,
1107 2249 1271 2332 quoniam

322 2367 481 2430 proceres
521 2366 639 2411 eorum
676 2347 777 2410 multi
818 2354 929 2423 erant,
968 2347 1105 2411 nomine
1142 2357 1271 2413 carent.

159 2464 312 2554 ιιιιιιιὲιὲιὲιέιιΙ
324 2446 454 2511 Eodem
496 2466 601 2524 anno,
639 2465 782 2528 regnum
821 2446 1039 2510 orientalium
1080 2446 1272 2524 Saxonum,

162 2526 312 2606 οιιῖιοιιιιιῖἶ.
322 2546 415 2630 quod
440 2547 542 2611 modo
559 2547 724 2610 Estsaxia
748 2546 832 2610 dicit
818 2553 887 2623 tur,
912 2546 1078 2628 originem
1101 2549 1270 2632 sumpsit;

323 2647 415 2728 quod
426 2647 568 2731 primus,
578 2654 733 2730 putatur,
746 2647 859 2710 tenuit
870 2639 1126 2726 ²Erkenwinus,
1137 2669 1197 2733 qm
1187 2649 1273 2712 fuit

323 2746 414 2811 filius
442 2745 542 2822 offae,
565 2747 625 2828 qui
646 2745 712 2810 fuit
733 2745 903 2824 Diedcan‚
925 2746 986 2828 qui
1008 2745 1075 2810 fuit
1099 2746 1270 2831 Sigeuuls,

324 2847 384 2929 qui
410 2847 476 2911 fuit
498 2846 677 2923 Susanna,
702 2846 761 2929 qui
781 2845 848 2909 fuit
873 2845 1000 2923 Gesac,
1026 2848 1086 2928 qui
1109 2848 1176 2915 fuit
1196 2845 1272 2912 An-

323 2945 435 3024 dessc,
453 2947 513 3030 qui
530 2946 597 3010 suit
613 2945 763 3009 Nascad.

266 3090 272 3101 ·
373 3045 478 3111 Anno
506 3047 629 3129 gratiae
656 3062 820 3109 nxxvm.
846 3043 983 3109 Certich
1015 3053 1051 3111 et
1074 3044 1166 3109 iilius
1194 3045 1271 3130 ejus

322 3144 479 3223 Kineric,
489 3146 707 3228 congregatis
721 3145 920 3227 ingentibus
934 3153 1145 3210 armatorum
1162 3147 1272 3230 copiis

321 3246 413 3328 apud
439 3246 586 3311 Vectam
615 3246 776 3322 insulam,
801 3253 953 3327 stragem
977 3264 1139 3328 magnam
1160 3246 1270 3311 homi·

357 3562 364 3594 ¹
384 3561 573 3634 noticiam]
599 3565 641 3613 He
660 3580 715 3614 was
738 3565 781 3614 the
805 3566 932 3628 observes,
959 3567 1068 3615 because
1090 3567 1123 3616 hc
1144 3566 1205 3616 held
1228 3567 1271 3616 the

321 3636 375 3684 first
393 3650 506 3697 emperor
516 3634 574 3686 who
593 3635 724 3685 exercised
739 3635 781 3684 the
806 3634 927 3697 kingdom
939 3650 968 3684 as
979 3635 1084 3697 ieodary
1094 3641 1121 3685 to
1132 3636 1174 3685 the
1193 3637 1270 3699 iringa

321 3704 389 3767 right
407 3705 436 3754 oi
449 3706 596 3767 confirming
612 3705 654 3754 the
676 3704 782 3754 electiori
807 3705 836 3753 oi
853 3706 928 3754 Kent.
966 3706 1125 3767 Malmsbury
1137 3707 1201 3756 calls
1217 3707 1268 3756 him

320 3774 349 3823 oi
362 3774 404 3823 the
421 3790 496 3836 pope.
539 3775 658 3825 He.died
677 3778 708 3824 14
728 3775 784 3825 No·
807 3774 849 3823 the
862 3775 931 3823 tenth
943 3775 969 3824 in
980 3775 1153 3826 descentfrom
1161 3776 1269 3839 Woden,

320 3846 489 3894 rembertus.
742 3842 743 3845 ’
808 3844 891 3893 which
903 3846 926 3893 is
937 3846 1089 3895 thustraced
1099 3848 1132 3909 by
1140 3847 1270 3909 Hnnting·

356 3911 367 3941 ⁸
384 3914 568 3978 Britannicus]
598 3913 733 3976 according
757 3920 783 3964 to
807 3914 888 3963 ιίοιιιι
899 3916 1078 3978 Erkenwinus,
1089 3918 1133 3978 qni
1147 3917 1271 3967 iuitfilius

321 3983 451 4044 Florence,
472 3985 633 4034 Aescwinus.
694 3984 783 4045 Henry
808 3984 884 4045 Offae,
901 3987 946 4046 qui
965 3985 1013 4034 init
1025 3986 1149 4047 Biedcan,
1163 3988 1210 4048 qui
1221 3987 1270 4036 tuit

321 4054 488 4116 Huntingdon
506 4055 628 4103 mentions
644 4054 738 4102 Sledda
754 4069 783 4103 ns
807 4054 933 4116 Sigeuuff,
952 4055 998 4116 qui
1019 4055 1069 4104 tuit
1084 4056 1201 4120 spoewe,
1224 4058 1268 4118 qui

320 4125 362 4173 the
374 4126 427 4172 first
438 4124 500 4186 king
510 4125 539 4173 of
547 4124 589 4172 the
602 4126 665 4173 East
675 4125 782 4183 Saxona,
807 4123 856 4173 init
866 4123 961 4186 Gesac,
971 4125 1016 4186 qui
1033 4123 1082 4174 tuit
1093 4127 1206 4184 Andesc
1224 4128 1269 4190 qui

319 4195 434 4256 omitting
458 4194 634 4257 Erchenwine‚
651 4208 681 4243 as
699 4194 782 4256 Speed
807 4194 856 4243 init
866 4197 971 4258 saxnat,
983 4196 1028 4257 qui
1039 4195 1088 4246 fuit
1101 4193 1217 4250 mom?
