2888 4852
161 573 228 613 Order
236 573 259 612 ol
265 573 287 613 s.

161 623 218 663 John
227 624 251 663 ot
256 624 291 663 Je-

160 672 261 715 ruralem

321 378 387 445 120
576 393 710 443 noonm
735 392 782 442 ou
805 391 1014 442 weuoovan

324 553 572 637 possessiones,
606 553 667 616 sed
703 551 860 635 praedicti
887 550 1093 616 Amalfitani
1128 545 1276 630 siugulis

325 655 438 731 annis,
464 660 535 716 tam
562 653 622 736 qui
649 651 743 716 domi
772 660 883 730 erant,
905 671 1010 735 quam
1033 651 1094 734 qui
1119 647 1277 730 negotia-

326 755 437 818 tiones
452 752 730 836 frequentabant,
740 751 922 816 collectam
936 752 1027 816 inter
1037 771 1075 816 se
1092 747 1275 833 pecuniam

326 873 389 937 per
404 872 476 930 eos,
487 853 548 935 qni
559 852 838 936 Hierosolymam
850 852 1053 934 pergebant,
1069 849 1199 924 abbati,
1214 847 1275 929 qni

326 973 389 1037 pro
407 961 561 1037 tempore
576 953 624 1016 ibi
641 959 728 1027 erat,
749 951 939 1017 offerebant
957 960 997 1015 ut
1015 949 1095 1015 inde
1111 948 1277 1013 fratribus

327 1061 363 1118 ct
386 1053 562 1118 sororibus
585 1051 629 1115 ad
647 1052 777 1116 victum
803 1058 838 1115 et
852 1052 1006 1134 regimen
1025 1049 1277 1133 provideretur,

328 1161 364 1219 et
379 1154 422 1217 de
433 1152 570 1216 residuo
586 1152 684 1216 tieret
697 1151 853 1215 caritatis
868 1150 1121 1214 administratio
1136 1148 1277 1212 adveni-

328 1253 465 1317 entibus
482 1251 682 1333 peregrinis.
722 1250 879 1315 Tandem
894 1270 972 1314 cum
983 1250 1115 1334 placuit
1124 1247 1276 1324 Christo,

328 1361 369 1418 ut
388 1352 498 1429 locus,
516 1370 617 1434 quem
635 1351 775 1434 proprio
800 1370 921 1415 cruore
934 1356 1210 1425 consecraverat,
1232 1348 1278 1410 ab

329 1472 445 1516 errore
467 1451 673 1534 gentilitatis
689 1459 724 1517 et
739 1452 915 1533 spurcitiis
934 1451 1118 1515 mundaret
1131 1446 1277 1512 diaboli·

329 1552 379 1616 cis
396 1559 431 1616 et
446 1552 611 1634 populum
625 1551 802 1615 induceret
814 1550 1062 1627 Christianum,
1077 1549 1208 1613 ditatus
1223 1555 1277 1612 est

329 1653 427 1717 locus
444 1651 502 1714 ille
517 1651 792 1734 possessionibus
815 1670 936 1732 regum
951 1659 985 1716 et
1002 1648 1277 1732 patriarcharum

330 1752 493 1834 largitate
517 1766 558 1815 ac
580 1750 732 1814 fidelium
759 1750 965 1834 populorum
990 1751 1027 1813 in
1052 1749 1277 1827 immensum3

330 1852 422 1916 unde
438 1850 563 1916 fratres
577 1851 752 1934 praedictae
769 1850 892 1914 domus
913 1850 1009 1933 prins
1029 1868 1066 1913 se
1081 1868 1104 1912 a
1114 1847 1278 1933 jurisdic-

331 1952 425 2015 tione
439 1951 576 2015 abbatis
590 1971 652 2034 per
668 1950 863 2014 Romanam
879 1949 1058 2014 ecclesiam
1084 1957 1120 2014 et
1141 1947 1279 2032 subjec-

331 2050 425 2115 tione
450 2050 657 2133 patriarchae
685 2049 925 2116 subtrahentes
950 2047 1100 2114 decimas
1125 2048 1280 2113 ecclesiis

330 2150 472 2214 reddere
487 2170 509 2213 a
523 2151 663 2232 praediis
678 2151 749 2214 suis
766 2150 809 2214 ad
833 2170 870 2214 se
891 2169 1107 2233 quocumque
1116 2149 1197 2233 jure
1219 2149 1279 2213 de·

330 2249 460 2315 volutis
485 2240 623 2332 penitus
656 2249 885 2332 denegabant,
913 2250 1003 2314 unde
1034 2257 1127 2314 recte
1156 2249 1198 2313 de
1230 2249 1281 2313 eis

333 2350 497 2432 conqueri
514 2351 624 2432 possit
636 2350 782 2414 ecclesia
794 2359 830 2414 et
847 2350 971 2428 dicere,
985 2349 1116 2414 ‘Filios
1130 2347 1281 2413 enutrivi

233 2497 235 2500 ψ
334 2458 370 2516 et
382 2448 549 2526 exaltavi,
563 2451 630 2533 ipsi
645 2457 761 2514 autem
777 2459 982 2533 spreverunt
996 2449 1074 2514 me!

174 2960 242 3000 Dcatb
251 2961 275 3001 of

175 3011 307 3052 horontius.

384 2548 490 2614 Anno
511 2551 634 2632 gratiae
659 2567 790 2614 ncxxr.
809 2544 1029 2615 ¹Bonifacius
1050 2557 1184 2628 sextus,
1208 2548 1282 2614 Ro·

335 2669 448 2712 manee
464 2649 618 2714 ecclesiae
633 2649 857 2732 apostolicus,
874 2671 946 2714 suae
969 2651 1193 2734 promotionis
1216 2668 1280 2712 an-

336 2769 418 2811 num
447 2751 573 2830 agebat
596 2757 771 2831 quartum,
794 2750 853 2832 qni
880 2751 969 2814 sedit
995 2752 1095 2814 annis
1117 2750 1281 2832 quinque,

335 2848 455 2912 diebus
470 2849 743 2931 quatuordecim,
760 2857 795 2913 et
817 2851 967 2915 cessavit
988 2850 1088 2916 sedes
1107 2850 1282 2914 mensibus

335 2969 410 3014 sex.
452 2948 583 3013 Eodem
601 2942 1282 3031 tempore²Laurentius,Dorobernensis

334 3049 613 3132 archiepiscopus
628 3048 810 3126 secundnS,
822 3050 911 3113 diem
928 3049 1054 3113 clausit
1068 3057 1281 3130 extremum3

334 3150 389 3214 cui
419 3150 586 3213 successit
609 3148 780 3225 Mellitos,
811 3149 1061 3213 Londonicnsis
1088 3150 1281 3233 episcopus,

334 3250 489 3332 quinque
513 3248 627 3326 annis,
643 3257 678 3313 et
694 3249 832 3314 Mellito
847 3249 870 3313 J
874 3256 986 3327 ustus,
1004 3249 1147 3313 totidem
1170 3249 1282 3312 annis.

336 3348 423 3412 Post
443 3348 616 3412 Mellitum
640 3348 789 3413 Londini
808 3343 975 3436 {vacabat
999 3350 1143 3415 ecclesia
1165 3349 1283 3412 multis

370 3600 378 3632 ¹
407 3602 556 3662 Bonisucius
583 3597 702 3671 aestua]
734 3603 796 3650 'l'bis
855 3596 1054 3669 'Laurentius.]
1076 3602 1103 3651 It
1120 3615 1202 3652 seems
1223 3615 1285 3663 very

336 3673 469 3723 sbouldbe
482 3673 616 3736 ‘quintus'
645 3672 795 3734 l'leurynud
821 3672 931 3734 evident,
950 3673 1013 3722 from
1035 3672 1077 3721 tbe
1098 3673 1218 3734 previous
1233 3671 1284 3720 and

336 3745 403 3806 Pagi
421 3744 494 3792 differ
515 3757 545 3791 ns
564 3748 590 3792 to
609 3743 651 3791 the
669 3745 729 3791 time
747 3742 797 3791 and
822 3743 977 3803 subsequent
993 3743 1076 3804 dates,
1098 3741 1153 3791 tbut
1171 3741 1285 3790 Lauren

336 3815 454 3863 duration
472 3811 501 3861 ol
517 3812 558 3861 bis
572 3813 734 3875 papacy,the
750 3813 798 3861 lor·
822 3814 873 3861 tius
885 3819 953 3861 must
962 3813 1027 3862 beve
1038 3813 1204 3861 diediutlltl.
1235 3812 1283 3861 See

337 3899 390 3933 mer
406 3883 526 3944 allowing
544 3883 596 3931 him
615 3888 642 3932 to
658 3882 723 3931 bave
739 3881 799 3930 held
822 3882 954 3944 Wbarton,
964 3883 1041 3944 Angl.
1052 3884 1122 3932 Sacr.
1133 3898 1160 3942 p.
1171 3885 1213 3930 91.

337 3954 379 4003 the
401 3969 444 4003 see
468 3968 555 4014 seven,
581 3953 623 4002 tbe
650 3953 725 4001 latter
750 3953 798 4000 five
858 3947 1122 4020 ³l'oculmteccleriu.]
1140 3951 1212 4000 Until
1227 3954 1286 4013 656,

338 4039 411 4084 years
427 4022 476 4073 and
489 4023 649 4072 tenmonths.
686 4023 736 4071 His
753 4023 799 4071 let·
823 4022 1047 4072 whenCcddvvas
1062 4021 1284 4083 ordainedbisbop

335 4097 386 4141 tere
404 4101 429 4142 to
448 4094 557 4143 Eadwin
577 4094 626 4142 and
641 4091 800 4155 Ethelburga
823 4092 851 4141 ol
877 4092 919 4143 the
949 4093 1139 4143 Euat-Saxona.
1203 4090 1285 4155 Beda,

335 4178 377 4213 are
389 4165 463 4227 given
474 4165 507 4226 by
521 4164 602 4226 Beda,
613 4164 626 4226 t
639 4167 696 4225 115,
709 4167 765 4213 120.
823 4162 837 4224 t
849 4166 906 4212 214.
