2888 4852
439 437 579 486 riorus
603 437 870 487 nrsroamnuu.
1065 424 1129 488 117

175 599 273 681 pavit
294 605 405 662 totam
424 598 630 682 AEgyptum,
645 605 681 662 ot
698 595 962 675 Alexandriam,
980 595 1125 679 Libyam

174 706 282 782 atque
316 696 577 781 Carthaginem,
611 704 651 761 ut
677 698 732 761 vel
763 698 813 761 sic
846 696 1047 761 Heraclium
1082 697 1126 759 ad

175 798 334 881 praelium
357 805 583 882 provocaret3
616 797 659 861 ad
685 817 788 881 quem
810 797 904 861 misit
929 796 1126 873 Heraclius,

177 918 306 981 rogans
333 906 375 963 ut
405 898 551 981 inceptis
576 896 770 974 desisteret,
798 898 891 980 quod
925 897 984 960 ille
1012 895 1125 962 facere

175 1006 413 1075 contemnens,
430 998 571 1062 nuntios
593 996 813 1080 imperatoris
834 996 1052 1061 contumeliis
1073 997 1125 1060 af·

180 1097 274 1164 facit.

224 1197 331 1263 Anno
341 1197 465 1280 gratiae
476 1214 608 1263 ncxrx.
621 1195 809 1261 Heraclius
821 1195 1009 1280 imperator
1019 1195 1126 1260 filium
1139 1213 1194 1254 uu.
1203 1215 1248 1253 nr.

177 1296 446 1363 Constantinum
468 1299 565 1380 regio
580 1298 774 1363 diademate
791 1295 984 1379 insignivit,
1000 1304 1035 1362 et
1050 1295 1126 1360 Au·

177 1406 318 1482 gustum
332 1398 533 1482 appellavit.

175 1571 344 1640 Hmelias
364 1573 533 1658 imperator
558 1570 722 1637 Ooodroom
747 1570 822 1638 dello
851 1571 936 1649 eicit,
963 1580 992 1637 ot
1012 1570 1130 1658 lignum

347 1672 479 1738 Domini
493 1672 528 1736 in
543 1671 771 1756 Hierosolymas
784 1673 963 1758 reportavit.

228 1795 336 1861 Anno
352 1797 476 1879 gratiae
491 1812 609 1860 ncxx.
626 1795 814 1880 imperator
831 1796 1016 1861 Heraclius
1038 1815 1130 1860 auno
1143 1817 1197 1858 ao.
1207 1818 1251 1856 ra.

181 1897 315 1980 imperii
338 1897 393 1959 sui
414 1896 559 1974 decimo,
577 1895 723 1960 collecta
736 1904 947 1961 armatorum
973 1895 1130 1960 multitu·

180 1996 273 2075 diue,
297 1996 465 2061 adversus
490 1995 680 2060 Cosdroam
706 1997 816 2060 movit
843 1998 909 2061 iter
938 1996 1051 2060 serens
1076 2014 1131 2060 se·

182 2116 261 2161 cnm
291 2103 424 2160 sauctae
452 2095 520 2173 Dei
548 2095 725 2178 genitricis
753 2097 899 2174 iconem,
926 2116 1006 2179 quae
1038 2096 1129 2178 apud

184 2195 392 2281 Byzantium
406 2203 472 2273 est,
486 2216 556 2260 uon
573 2194 720 2260 hominis
735 2215 840 2260 manu
857 2195 918 2259 sed
935 2196 1052 2260 divino
1066 2195 1130 2259 mi·
1142 2217 1215 2264 οιιιιιι
1200 2214 1265 2254 una

182 2297 302 2361 raculo
336 2297 478 2379 pictam.
536 2293 693 2376 Cumque
721 2296 937 2378 pervenisset
969 2295 1011 2358 ad
1044 2263 1286 2360 finesb'nmfflm
1287 2291 1292 2301 '

182 2397 335 2462 civitatis
353 2394 536 2473 Gozorem‚
555 2393 736 2459 cosdroa
726 2414 763 2457 m
775 2394 893 2477 lugam
904 2414 1025 2459 versus
1037 2414 1131 2459 com·

181 2497 292 2561 bussit
305 2496 423 2561 omnia
439 2503 518 2560 sata
534 2514 596 2579 per
615 2514 694 2578 quae
707 2493 883 2577 fugiebat3
906 2494 1029 2558 deinde
1049 2514 1132 2559 con-

183 2597 298 2662 stituit
322 2597 495 2680 principes
517 2595 650 2660 militiae
672 2614 745 2658 suae
771 2594 950 2678 plurimos,
974 2594 1035 2676 qui
1058 2593 1133 2657 He·

184 2697 329 2761 raclium
356 2695 578 2773 debellarent,
591 2695 673 2759 dum
690 2694 764 2777 ipse
784 2695 827 2758 de
850 2693 928 2758 loco
951 2695 995 2758 ad
1019 2694 1133 2758 locum

184 2797 321 2881 ingeret
339 2815 362 2860 a
381 2794 469 2860 faeie
492 2795 731 2878 imperatoris3
755 2795 816 2858 sed
844 2792 1043 2870 Heraclius,
1063 2795 1134 2857 ico-

186 2898 238 2962 nis
255 2897 325 2961 Dei
341 2895 520 2978 genitricis
534 2894 643 2958 fultus
668 2894 813 2971 auxilio,
828 2913 946 2958 omnes
969 2893 1133 2957 adversa-

187 2999 254 3063 rios
269 3015 354 3062 suos
376 2997 413 3059 in
437 2995 528 3059 bello
551 2993 696 3077 peremit
713 3001 775 3057 aut
790 2995 938 3077 turpiter
957 2994 992 3057 in
1014 2992 1133 3075 sugam

186 3099 322 3180 coegit;
349 3094 504 3162 Cosdroa
521 3095 662 3158 tandem
678 3095 714 3157 iu
729 3091 893 3176 fugiendo
908 3101 1032 3177 captus
1048 3102 1084 3157 et
1098 3095 1133 3157 iu

187 3216 361 3263 carcerem
382 3203 500 3260 trusus
523 3195 568 3259 ad
593 3201 787 3258 extremum
813 3200 924 3258 morte
952 3194 1135 3276 impiorum

187 3296 323 3362 defecit.
369 3294 508 3360 Potitus
517 3293 664 3359 victoria
679 3294 868 3376 imperator
884 3293 1050 3357 militibus
1064 3293 1136 3356 suis

188 3395 332 3480 praemia
354 3395 462 3459 tantis
493 3394 668 3476 condigna
694 3394 871 3458 laboribus
905 3393 1074 3476 erogavit,
1101 3399 1137 3456 et

188 3495 359 3562 modicum
377 3502 551 3559 recreatus
568 3487 717 3559 ¹revexit
739 3492 1002 3576 Hierosolymas
1019 3493 1138 3558 Domi-

189 3597 275 3661 nicae
298 3595 411 3659 crucis
432 3594 577 3677 lignum,
593 3593 761 3678 plurimas
776 3593 854 3657 Deo
876 3612 940 3675 pro
961 3599 1059 3656 tanto
1076 3592 1137 3655 tri-

188 3695 317 3779 umpho
344 3693 496 3759 reserens
520 3695 665 3776 gratias,
682 3692 879 3778 lachrymas
902 3691 1138 3775 profundendo

188 3796 342 3861 devotas.

194 4041 368 4165 mamas}
382 4044 585 4110 Htemsotym]
606 4045 654 4096 See
671 4046 831 4109 Theophanis
846 4045 1037 4108 Chronogmph·
1059 4043 1145 4106 Paris,

258 4130 306 4178 ru·
369 4152 377 4167 ·
