2888 4852
448 411 587 461 monus
615 409 883 460 uisuoumaum.
1074 398 1139 464 183

208 668 380 750 adama,
394 690 522 756 requam
528 677 659 754 proptor
669 671 771 735 Deam
787 669 967 756 relinquam,
984 671 1115 734 Romam

504 767 711 854 baptizandas
725 770 817 835 venit.

233 909 339 976 Anno
365 909 488 993 gratim
512 927 751 977 ncuxxxviu.
773 903 979 987 ¹Cedwalla‚
996 910 1256 979 misera-anam.

183 1011 278 1076 tione
301 1017 418 1075 tactus
432 1010 562 1087 divina,
579 1010 761 1093 imperium
784 1017 926 1093 propter
947 1010 1061 1073 Deum
1083 1030 1136 1074 re-
1145 987 1245 1084 iiiii?

182 1109 343 1194 linquens
373 1110 574 1193 temporale,
605 1105 774 1173 ²Romam
805 1110 923 1188 venit3
963 1109 1029 1173 hoc
1070 1110 1136 1174 sibi

184 1209 304 1292 gloriae
335 1208 521 1292 siugulam's
549 1209 694 1292 adipisci
724 1209 934 1285 desideranS,
959 1216 1000 1272 ut
1025 1208 1069 1273 ad
1091 1209 1134 1272 li-

183 1309 276 1373 mina
298 1308 534 1392 apostolorum
557 1310 737 1373 beatorum
754 1308 851 1372 Petri
872 1315 908 1373 et
923 1307 1025 1372 Pauli
1048 1310 1133 1391 bap·

183 1408 332 1473 tismatis
347 1407 442 1474 fonte
457 1409 667 1486 ablueretur,
684 1409 720 1472 in
737 1428 806 1491 quo
822 1408 990 1472 didicerat
1015 1408 1134 1489 generi

182 1507 335 1573 humano
359 1509 441 1574 vitm
468 1509 619 1573 caelestis
652 1516 773 1592 patere
803 1508 995 1572 introitum.
1046 1507 1132 1589 Spe·

182 1609 283 1673 rabat
303 1607 427 1687 atiam,'
445 1609 538 1690 quod
562 1609 761 1690 baptizatus
786 1613 822 1671 et
848 1627 930 1670 mox
952 1626 1055 1671 carne
1077 1626 1133 1670 so-

182 1708 291 1786 lutus,
313 1707 357 1772 ud
381 1715 513 1773 aeterua
533 1707 662 1790 gaudia
676 1706 752 1791 jam
778 1707 926 1771 muudus
947 1706 1130 1785 transiret3

182 1808 275 1892 quod
302 1814 497 1891 utrumque,
524 1813 563 1871 ut
592 1816 707 1873 mente
734 1814 952 1889 conceperat,
980 1806 1132 1871 Domino

81 1919 84 1923 ’
177 1907 338 1992 juvante,
354 1907 553 1990 complevit.

322 2113 476 2200 Defuncto
490 2135 557 2200 rapo
575 2064 744 2194 Oodwaldz,
760 2116 819 2180 Ima
834 2112 983 2178 maamad.

230 2253 336 2321 Anno
352 2255 476 2337 gratim
492 2270 706 2318 ncuxxx1x.
719 2253 896 2319 Cedwalla
909 2273 972 2317 rex
982 2251 1131 2318 Romam
1142 2271 1196 2311 an.
1206 2273 1250 2312 aa.

180 2354 335 2432 veniens,
360 2354 482 2435 Sergio
508 2353 746 2437 pontificatum
771 2361 908 2435 agente,
933 2353 1131 2436 baptizatus
1142 2323 1176 2363 Μ’
1185 2323 1256 2363 ‘mh'

180 2462 234 2521 ast
254 2455 311 2521 die
332 2461 454 2519 sancto
479 2453 616 2517 sabbati
640 2451 827 2534 paschalis,
849 2460 885 2516 et
904 2453 941 2516 iu
960 2452 1048 2516 albis
1068 2450 1129 2514 ad-

179 2555 248 2621 huc
261 2555 411 2638 positus,
418 2553 586 2635 languore
601 2560 779 2634 correptus
796 2551 997 2616 duodecimo
1010 2550 1130 2614 kalen-

180 2655 303 2719 darum
320 2653 495 2717 Maiarum
517 2651 573 2716 dia
594 2671 698 2716 carne
724 2652 871 2728 solutus,
892 2659 927 2715 et
949 2651 1128 2714 beatorum

179 2753 216 2818 in
229 2752 326 2819 caelis
340 2760 395 2817 est
416 2771 524 2833 regno
539 2750 703 2816 sociatus.
757 2751 823 2815 Cui
841 2751 957 2826 etiam,
975 2757 1128 2831 tempore

179 2852 412 2937 baptismatis,
436 2870 530 2935 papa
555 2856 765 2915 memoratus
788 2848 885 2913 Petri
911 2868 1035 2913 nomen
1064 2848 1128 2911 im·

179 2953 309 3036 posuit,
335 2960 376 3016 ut
399 2970 475 3027 rex,
493 2950 554 3033 qui
579 2950 637 3032 pio
658 2949 782 3013 ductus
804 2967 921 3012 amora
939 2948 983 3012 ad
1009 2947 1129 3017 limina

180 3052 277 3118 Petri
299 3072 322 3118 a
336 3050 462 3115 finibus
482 3058 584 3114 tarrae
600 3056 755 3127 venerat,
772 3048 909 3114 nomine
923 3068 1060 3131 quoque
1075 3048 1128 3129 ip-

179 3154 252 3217 sius
276 3150 450 3217 consortio
466 3149 685 3234 jungeretur.
738 3147 821 3228 Qui,
839 3141 996 3232 ³jubente
1012 3146 1129 3230 ponti·

180 3250 256 3330 fico,
276 3251 313 3316 in
328 3249 405 3334 ejus
421 3248 568 3313 ecclesia
581 3248 751 3332 sepultus,
774 3247 988 3332 epitaphium
1006 3247 1042 3310 iu
1057 3265 1131 3310 mo-

179 3356 343 3414 numento
357 3349 467 3432 ipsius
483 3348 548 3413 hoc
563 3348 665 3413 modo
679 3347 847 3430 scriptum
864 3353 928 3424 est,

211 3650 220 3683 ¹
234 3651 357 3703 ceddam
364 3648 537 3710 minna]
559 3651 640 3713 Beda,
666 3652 721 3701 that
731 3652 763 3701 be
775 3652 821 3702 leit
832 3651 949 3715 Englaud
960 3652 985 3700 in
997 3653 1048 3701 thia
1058 3667 1128 3715 year,

176 3720 190 3789 ξ
202 3727 259 3784 m,
268 3722 354 3771 where
364 3720 406 3771 the
418 3719 508 3770 rander
518 3735 577 3781 may
589 3721 640 3769 flnd
667 3722 802 3771 inevidaut
812 3722 874 3770 from
886 3721 967 3783 Beda,
977 3722 1036 3770 who
1050 3728 1128 3772 states

174 3791 366 3842 manuninum
373 3790 402 3840 of
409 3790 452 3840 tha
461 3789 575 3853 epimph,
582 3804 641 3839 con·
666 3792 721 3840 that
731 3791 764 3840 be
774 3791 896 3853 deputed
907 3793 932 3840 in
943 3792 986 3840 the
992 3792 1059 3840 third
1068 3806 1129 3853 year

177 3862 268 3924 sitting
277 3860 419 3923 altogether
432 3860 462 3910 oi
475 3859 642 3923 twenty-four
666 3861 695 3909 oi
707 3861 821 3924 Alhirid,
832 3861 894 3924 king
909 3862 938 3911 oi
948 3861 1129 3911 Northumber·

175 3931 249 3983 lium.
665 3928 736 3979 laud.

701 3997 828 4048 ‘amente
836 3999 972 4064 pontificu]
998 3999 1029 4048 ln
1046 3998 1127 4060 Bada,

211 4065 335 4119 'Rom
353 4067 443 4132 unii]
468 4069 511 4121 110
530 4069 575 4119 did
598 4074 642 4117 not
666 4068 737 4118 these
744 4069 828 4117 worda
839 4069 905 4117 refer
915 4069 974 4130 only
983 4074 1008 4117 to
1019 4068 1061 4117 the
1073 4068 1129 4129 epi·

177 4140 258 4189 urive
266 4139 293 4189 in
301 4140 382 4190 Roma
392 4138 458 4188 until
469 4139 512 4188 tha
524 4153 586 4201 year
596 4138 642 4188 iol·
666 4140 737 4202 tuph.
773 4139 826 4187 The
837 4139 937 4199 latinity
946 4138 992 4186 hau
1003 4138 1057 4186 ulau
1068 4137 1128 4187 hera

177 4209 280 4272 loving,
288 4224 318 4260 u
329 4211 349 4258 it
360 4207 585 4270 mammem
596 4209 643 4258 but
667 4207 777 4259 suffered
788 4210 814 4257 in
825 4209 868 4258 the
878 4207 1058 4269 abridgemem.
