<?xml version="1.0" encoding="UTF-8"?>
<!DOCTYPE html PUBLIC "-//W3C//DTD XHTML 1.0 Transitional//EN"
    "http://www.w3.org/TR/xhtml1/DTD/xhtml1-transitional.dtd">
<html xmlns="http://www.w3.org/1999/xhtml" xml:lang="en" lang="en">
 <head>
  <title>
</title>
<meta http-equiv="Content-Type" content="text/html;charset=utf-8" />
  <meta name='ocr-system' content='tesseract 3.04.00' />
  <meta name='ocr-capabilities' content='ocr_page ocr_carea ocr_par ocr_line ocrx_word'/>
</head>
<body>
  <div class='ocr_page' id='page_1' title='image "./rogeridewendove04rogegoog_0299.png"; bbox 0 0 2888 4852; ppageno 0'>
   <div class='ocr_carea' id='block_1_1' title="bbox 322 397 1009 486">
    <p class='ocr_par' dir='ltr' id='par_1_1' title="bbox 322 397 1009 486">
     <span class='ocr_line' id='line_1_1' title="bbox 322 397 1009 486; baseline -0.01 -25"><span class='ocrx_word' id='word_1_1' title='bbox 322 397 388 461; x_wconf 77' lang='grc'>256</span> <span class='ocrx_word' id='word_1_2' title='bbox 575 410 708 458; x_wconf 83' lang='lat' dir='ltr'>nocnur</span> <span class='ocrx_word' id='word_1_3' title='bbox 733 410 780 456; x_wconf 81' lang='lat' dir='ltr'>ns</span> <span class='ocrx_word' id='word_1_4' title='bbox 804 407 1009 486; x_wconf 79' lang='lat' dir='ltr'>wsuoovnn</span> 
     </span>
    </p>
   </div>
   <div class='ocr_carea' id='block_1_2' title="bbox 322 558 1274 1643">
    <p class='ocr_par' dir='ltr' id='par_1_2' title="bbox 322 558 1274 1643">
     <span class='ocr_line' id='line_1_2' title="bbox 322 558 1274 650; baseline -0.003 -21"><span class='ocrx_word' id='word_1_5' title='bbox 322 566 481 650; x_wconf 90' lang='lat' dir='ltr'>pecunia,</span> <span class='ocrx_word' id='word_1_6' title='bbox 499 585 520 629; x_wconf 94' lang='lat' dir='ltr'>a</span> <span class='ocrx_word' id='word_1_7' title='bbox 534 565 611 629; x_wconf 94' lang='lat' dir='ltr'>loco</span> <span class='ocrx_word' id='word_1_8' title='bbox 631 584 693 628; x_wconf 87' lang='lat' dir='ltr'>rex</span> <span class='ocrx_word' id='word_1_9' title='bbox 714 566 943 648; x_wconf 80' lang='lat' dir='ltr'>progreditur,</span> <span class='ocrx_word' id='word_1_10' title='bbox 960 573 995 629; x_wconf 91' lang='lat' dir='ltr'>et</span> <span class='ocrx_word' id='word_1_11' title='bbox 1012 558 1178 628; x_wconf 88' lang='lat' dir='ltr'>¹Romam</span> <span class='ocrx_word' id='word_1_12' title='bbox 1194 572 1274 627; x_wconf 83' lang='lat' dir='ltr'>tan-</span> 
     </span>
     <span class='ocr_line' id='line_1_3' title="bbox 322 663 1273 747; baseline -0.005 -17"><span class='ocrx_word' id='word_1_13' title='bbox 322 667 399 730; x_wconf 91' lang='lat' dir='ltr'>dem</span> <span class='ocrx_word' id='word_1_14' title='bbox 420 666 634 747; x_wconf 83' lang='lat' dir='ltr'>perveniens,</span> <span class='ocrx_word' id='word_1_15' title='bbox 652 671 773 746; x_wconf 90' lang='lat' dir='ltr'>optata</span> <span class='ocrx_word' id='word_1_16' title='bbox 795 663 1029 747; x_wconf 91' lang='lat' dir='ltr'>apostolorum</span> <span class='ocrx_word' id='word_1_17' title='bbox 1052 663 1172 727; x_wconf 91' lang='lat' dir='ltr'>limina</span> <span class='ocrx_word' id='word_1_18' title='bbox 1191 682 1273 726; x_wconf 90' lang='lat' dir='ltr'>con·</span> 
     </span>
     <span class='ocr_line' id='line_1_4' title="bbox 323 763 1274 846; baseline -0.003 -17"><span class='ocrx_word' id='word_1_19' title='bbox 323 767 416 842; x_wconf 88' lang='lat' dir='ltr'>terit,</span> <span class='ocrx_word' id='word_1_20' title='bbox 432 773 467 828; x_wconf 91' lang='lat' dir='ltr'>et</span> <span class='ocrx_word' id='word_1_21' title='bbox 484 764 697 829; x_wconf 87' lang='lat' dir='ltr'>diversorum</span> <span class='ocrx_word' id='word_1_22' title='bbox 711 764 789 827; x_wconf 86' lang='lat' dir='ltr'>loca</span> <span class='ocrx_word' id='word_1_23' title='bbox 807 771 1003 827; x_wconf 90' lang='lat' dir='ltr'>sauctorum</span> <span class='ocrx_word' id='word_1_24' title='bbox 1019 764 1076 846; x_wconf 90' lang='lat' dir='ltr'>pia</span> <span class='ocrx_word' id='word_1_25' title='bbox 1090 763 1274 827; x_wconf 91' lang='lat' dir='ltr'>devotione</span> 
     </span>
     <span class='ocr_line' id='line_1_5' title="bbox 323 861 1274 948; baseline -0.005 -19"><span class='ocrx_word' id='word_1_26' title='bbox 323 864 503 948; x_wconf 88' lang='lat' dir='ltr'>percurrit.</span> <span class='ocrx_word' id='word_1_27' title='bbox 545 863 679 927; x_wconf 86' lang='lat' dir='ltr'>Deinde</span> <span class='ocrx_word' id='word_1_28' title='bbox 695 861 850 926; x_wconf 86' lang='lat' dir='ltr'>Adriano</span> <span class='ocrx_word' id='word_1_29' title='bbox 876 882 1010 927; x_wconf 93' lang='lat' dir='ltr'>summo</span> <span class='ocrx_word' id='word_1_30' title='bbox 1037 862 1191 945; x_wconf 87' lang='lat' dir='ltr'>pontifici</span> <span class='ocrx_word' id='word_1_31' title='bbox 1219 862 1274 924; x_wconf 91' lang='lat' dir='ltr'>sui</span> 
     </span>
     <span class='ocr_line' id='line_1_6' title="bbox 323 960 1273 1039; baseline -0.005 -11"><span class='ocrx_word' id='word_1_32' title='bbox 323 984 463 1028; x_wconf 89' lang='lat' dir='ltr'>causam</span> <span class='ocrx_word' id='word_1_33' title='bbox 482 962 650 1026; x_wconf 88' lang='lat' dir='ltr'>adventus</span> <span class='ocrx_word' id='word_1_34' title='bbox 666 963 886 1039; x_wconf 89' lang='lat' dir='ltr'>denuntians,</span> <span class='ocrx_word' id='word_1_35' title='bbox 898 968 937 1026; x_wconf 70' lang='lat' dir='ltr'>&#39;et</span> <span class='ocrx_word' id='word_1_36' title='bbox 951 962 994 1026; x_wconf 90' lang='lat' dir='ltr'>de</span> <span class='ocrx_word' id='word_1_37' title='bbox 1018 962 1095 1026; x_wconf 88' lang='lat' dir='ltr'>loeo</span> <span class='ocrx_word' id='word_1_38' title='bbox 1117 960 1273 1026; x_wconf 89' lang='lat' dir='ltr'>simulet</span> 
     </span>
     <span class='ocr_line' id='line_1_7' title="bbox 323 1061 1273 1144; baseline -0.004 -18"><span class='ocrx_word' id='word_1_39' title='bbox 323 1065 425 1128; x_wconf 88' lang='lat' dir='ltr'>beato</span> <span class='ocrx_word' id='word_1_40' title='bbox 449 1061 586 1127; x_wconf 77' lang='lat' dir='ltr'>Albano</span> <span class='ocrx_word' id='word_1_41' title='bbox 609 1061 844 1125; x_wconf 85' lang='lat' dir='ltr'>canonizando</span> <span class='ocrx_word' id='word_1_42' title='bbox 867 1062 1093 1144; x_wconf 88' lang='lat' dir='ltr'>coenobioquc</span> <span class='ocrx_word' id='word_1_43' title='bbox 1114 1066 1273 1125; x_wconf 85' lang='lat' dir='ltr'>constru-</span> 
     </span>
     <span class='ocr_line' id='line_1_8' title="bbox 322 1159 1273 1243; baseline -0.004 -17"><span class='ocrx_word' id='word_1_44' title='bbox 322 1162 413 1226; x_wconf 89' lang='lat' dir='ltr'>endo</span> <span class='ocrx_word' id='word_1_45' title='bbox 430 1163 554 1226; x_wconf 90' lang='lat' dir='ltr'>devote</span> <span class='ocrx_word' id='word_1_46' title='bbox 576 1180 695 1243; x_wconf 82' lang='lat' dir='ltr'>preces</span> <span class='ocrx_word' id='word_1_47' title='bbox 716 1161 908 1243; x_wconf 87' lang='lat' dir='ltr'>porrigens,</span> <span class='ocrx_word' id='word_1_48' title='bbox 923 1161 1082 1243; x_wconf 85' lang='lat' dir='ltr'>petitioni</span> <span class='ocrx_word' id='word_1_49' title='bbox 1108 1179 1181 1223; x_wconf 86' lang='lat' dir='ltr'>suae</span> <span class='ocrx_word' id='word_1_50' title='bbox 1199 1159 1273 1223; x_wconf 91' lang='lat' dir='ltr'>Ro-</span> 
     </span>
     <span class='ocr_line' id='line_1_9' title="bbox 324 1260 1272 1342; baseline -0.003 -16"><span class='ocrx_word' id='word_1_51' title='bbox 324 1281 460 1326; x_wconf 89' lang='lat' dir='ltr'>manam</span> <span class='ocrx_word' id='word_1_52' title='bbox 479 1261 521 1324; x_wconf 92' lang='lat' dir='ltr'>de</span> <span class='ocrx_word' id='word_1_53' title='bbox 539 1260 631 1324; x_wconf 89' lang='lat' dir='ltr'>facili</span> <span class='ocrx_word' id='word_1_54' title='bbox 646 1261 776 1324; x_wconf 91' lang='lat' dir='ltr'>curiam</span> <span class='ocrx_word' id='word_1_55' title='bbox 791 1260 983 1337; x_wconf 86' lang='lat' dir='ltr'>inclinavit,</span> <span class='ocrx_word' id='word_1_56' title='bbox 992 1268 1028 1324; x_wconf 90' lang='lat' dir='ltr'>et</span> <span class='ocrx_word' id='word_1_57' title='bbox 1042 1280 1087 1324; x_wconf 87' lang='lat' dir='ltr'>ex</span> <span class='ocrx_word' id='word_1_58' title='bbox 1104 1260 1168 1323; x_wconf 92' lang='lat' dir='ltr'>hoc</span> <span class='ocrx_word' id='word_1_59' title='bbox 1182 1279 1272 1342; x_wconf 86' lang='lat' dir='ltr'>prae·</span> 
     </span>
     <span class='ocr_line' id='line_1_10' title="bbox 324 1359 1269 1445; baseline -0.004 -20"><span class='ocrx_word' id='word_1_60' title='bbox 324 1361 436 1445; x_wconf 88' lang='lat' dir='ltr'>cipue,</span> <span class='ocrx_word' id='word_1_61' title='bbox 453 1360 545 1442; x_wconf 95' lang='lat' dir='ltr'>quod</span> <span class='ocrx_word' id='word_1_62' title='bbox 571 1359 733 1442; x_wconf 87' lang='lat' dir='ltr'>martyris</span> <span class='ocrx_word' id='word_1_63' title='bbox 758 1359 912 1424; x_wconf 83' lang='lat' dir='ltr'>inventio</span> <span class='ocrx_word' id='word_1_64' title='bbox 927 1359 1061 1430; x_wconf 84' lang='lat' dir='ltr'>caelitus</span> <span class='ocrx_word' id='word_1_65' title='bbox 1076 1359 1122 1423; x_wconf 89' lang='lat' dir='ltr'>sit</span> <span class='ocrx_word' id='word_1_66' title='bbox 1136 1359 1269 1422; x_wconf 86' lang='lat' dir='ltr'>edocta.</span> 
     </span>
     <span class='ocr_line' id='line_1_11' title="bbox 326 1457 1273 1541; baseline -0.002 -17"><span class='ocrx_word' id='word_1_67' title='bbox 326 1461 381 1524; x_wconf 90' lang='lat' dir='ltr'>De</span> <span class='ocrx_word' id='word_1_68' title='bbox 403 1459 613 1524; x_wconf 88' lang='lat' dir='ltr'>monasterio</span> <span class='ocrx_word' id='word_1_69' title='bbox 639 1457 813 1523; x_wconf 88' lang='lat' dir='ltr'>fundando</span> <span class='ocrx_word' id='word_1_70' title='bbox 844 1467 879 1523; x_wconf 91' lang='lat' dir='ltr'>et</span> <span class='ocrx_word' id='word_1_71' title='bbox 906 1461 950 1523; x_wconf 88' lang='lat' dir='ltr'>ab</span> <span class='ocrx_word' id='word_1_72' title='bbox 972 1459 1066 1524; x_wconf 89' lang='lat' dir='ltr'>omni</span> <span class='ocrx_word' id='word_1_73' title='bbox 1093 1457 1273 1541; x_wconf 88' lang='lat' dir='ltr'>episcopo·</span> 
     </span>
     <span class='ocr_line' id='line_1_12' title="bbox 326 1558 1273 1643; baseline -0.002 -21"><span class='ocrx_word' id='word_1_74' title='bbox 326 1579 401 1623; x_wconf 89' lang='lat' dir='ltr'>rum</span> <span class='ocrx_word' id='word_1_75' title='bbox 436 1559 650 1643; x_wconf 88' lang='lat' dir='ltr'>subjectione</span> <span class='ocrx_word' id='word_1_76' title='bbox 679 1558 926 1641; x_wconf 79' lang='lat' dir='ltr'>emancipando</span> <span class='ocrx_word' id='word_1_77' title='bbox 959 1559 1087 1622; x_wconf 78' lang='lat' dir='ltr'>curIam</span> <span class='ocrx_word' id='word_1_78' title='bbox 1111 1558 1273 1633; x_wconf 92' lang='lat' dir='ltr'>consulit,</span> 
     </span>
    </p>
   </div>
   <div class='ocr_carea' id='block_1_3' title="bbox 162 1657 1273 1741">
    <p class='ocr_par' dir='ltr' id='par_1_3' title="bbox 162 1657 1273 1741">
     <span class='ocr_line' id='line_1_13' title="bbox 162 1657 1273 1741; baseline -0.003 -19"><span class='ocrx_word' id='word_1_79' title='bbox 162 1691 208 1722; x_wconf 63' lang='grc' dir='ltr'>κω</span> <span class='ocrx_word' id='word_1_80' title='bbox 223 1681 305 1732; x_wconf 61' lang='lat' dir='ltr'>none,</span> <span class='ocrx_word' id='word_1_81' title='bbox 325 1660 382 1724; x_wconf 93' lang='lat' dir='ltr'>cui</span> <span class='ocrx_word' id='word_1_82' title='bbox 405 1659 585 1724; x_wconf 87' lang='lat' dir='ltr'>Romanus</span> <span class='ocrx_word' id='word_1_83' title='bbox 608 1657 765 1740; x_wconf 82' lang='lat' dir='ltr'>pontifex</span> <span class='ocrx_word' id='word_1_84' title='bbox 791 1658 908 1722; x_wconf 85' lang='lat' dir='ltr'>taliter</span> <span class='ocrx_word' id='word_1_85' title='bbox 933 1658 1122 1741; x_wconf 89' lang='lat' dir='ltr'>respondit,</span> <span class='ocrx_word' id='word_1_86' title='bbox 1146 1657 1200 1720; x_wconf 93' lang='lat'>‘0</span> <span class='ocrx_word' id='word_1_87' title='bbox 1225 1657 1273 1720; x_wconf 90' lang='lat' dir='ltr'>lili</span> 
     </span>
    </p>
   </div>
   <div class='ocr_carea' id='block_1_4' title="bbox 162 1733 250 1772">
    <p class='ocr_par' dir='ltr' id='par_1_4' title="bbox 162 1733 250 1772">
     <span class='ocr_line' id='line_1_14' title="bbox 162 1733 250 1772; baseline 0 0"><span class='ocrx_word' id='word_1_88' title='bbox 162 1733 182 1772; x_wconf 75' lang='lat' dir='ltr'>A</span> <span class='ocrx_word' id='word_1_89' title='bbox 245 1760 250 1772; x_wconf 94' lang='lat'>.</span> 
     </span>
    </p>
   </div>
   <div class='ocr_carea' id='block_1_5' title="bbox 325 1756 1277 2835">
    <p class='ocr_par' dir='ltr' id='par_1_5' title="bbox 325 1756 1277 2835">
     <span class='ocr_line' id='line_1_15' title="bbox 326 1756 1275 1840; baseline -0.001 -18"><span class='ocrx_word' id='word_1_90' title='bbox 326 1759 502 1823; x_wconf 85' lang='lat' dir='ltr'>carissime</span> <span class='ocrx_word' id='word_1_91' title='bbox 525 1758 616 1834; x_wconf 85' lang='lat' dir='ltr'>Olla,</span> <span class='ocrx_word' id='word_1_92' title='bbox 638 1777 701 1821; x_wconf 85' lang='lat' dir='ltr'>rex</span> <span class='ocrx_word' id='word_1_93' title='bbox 725 1756 919 1839; x_wconf 85' lang='lat' dir='ltr'>Anglorum</span> <span class='ocrx_word' id='word_1_94' title='bbox 940 1758 1190 1840; x_wconf 89' lang='lat' dir='ltr'>potentissime,</span> <span class='ocrx_word' id='word_1_95' title='bbox 1216 1757 1275 1821; x_wconf 90' lang='lat' dir='ltr'>de·</span> 
     </span>
     <span class='ocr_line' id='line_1_16' title="bbox 326 1857 1273 1940; baseline -0.004 -17"><span class='ocrx_word' id='word_1_96' title='bbox 326 1860 500 1923; x_wconf 91' lang='lat' dir='ltr'>votionem</span> <span class='ocrx_word' id='word_1_97' title='bbox 533 1865 629 1921; x_wconf 90' lang='lat' dir='ltr'>tuam</span> <span class='ocrx_word' id='word_1_98' title='bbox 662 1857 755 1921; x_wconf 88' lang='lat' dir='ltr'>circa</span> <span class='ocrx_word' id='word_1_99' title='bbox 782 1858 880 1939; x_wconf 81' lang='lat' dir='ltr'>regni</span> <span class='ocrx_word' id='word_1_100' title='bbox 911 1858 960 1922; x_wconf 91' lang='lat' dir='ltr'>tui</span> <span class='ocrx_word' id='word_1_101' title='bbox 987 1864 1273 1940; x_wconf 88' lang='lat' dir='ltr'>protomartyrem</span> 
     </span>
     <span class='ocr_line' id='line_1_17' title="bbox 326 1956 1273 2034; baseline 0 -14"><span class='ocrx_word' id='word_1_102' title='bbox 326 1978 396 2021; x_wconf 91' lang='lat' dir='ltr'>non</span> <span class='ocrx_word' id='word_1_103' title='bbox 426 1957 643 2022; x_wconf 89' lang='lat' dir='ltr'>mediocriter</span> <span class='ocrx_word' id='word_1_104' title='bbox 675 1956 964 2034; x_wconf 89' lang='lat' dir='ltr'>commendamus,</span> <span class='ocrx_word' id='word_1_105' title='bbox 995 1966 1031 2021; x_wconf 95' lang='lat' dir='ltr'>et</span> <span class='ocrx_word' id='word_1_106' title='bbox 1062 1958 1273 2020; x_wconf 87' lang='lat' dir='ltr'>monasterio</span> 
     </span>
     <span class='ocr_line' id='line_1_18' title="bbox 325 2055 1273 2140; baseline -0.001 -20"><span class='ocrx_word' id='word_1_107' title='bbox 325 2057 556 2122; x_wconf 90' lang='lat' dir='ltr'>construendo</span> <span class='ocrx_word' id='word_1_108' title='bbox 576 2055 730 2139; x_wconf 90' lang='lat' dir='ltr'>illudque</span> <span class='ocrx_word' id='word_1_109' title='bbox 747 2056 999 2139; x_wconf 79' lang='lat' dir='ltr'>privilegiando</span> <span class='ocrx_word' id='word_1_110' title='bbox 1021 2057 1180 2140; x_wconf 91' lang='lat' dir='ltr'>petitioni</span> <span class='ocrx_word' id='word_1_111' title='bbox 1203 2065 1273 2121; x_wconf 85' lang='lat' dir='ltr'>tuse</span> 
     </span>
     <span class='ocr_line' id='line_1_19' title="bbox 326 2156 1273 2240; baseline 0 -20"><span class='ocrx_word' id='word_1_112' title='bbox 326 2176 505 2221; x_wconf 85' lang='lat' dir='ltr'>assensum</span> <span class='ocrx_word' id='word_1_113' title='bbox 517 2164 696 2238; x_wconf 77' lang='lat' dir='ltr'>gratanter</span> <span class='ocrx_word' id='word_1_114' title='bbox 710 2157 915 2239; x_wconf 77' lang='lat' dir='ltr'>praebemus,</span> <span class='ocrx_word' id='word_1_115' title='bbox 924 2156 1145 2240; x_wconf 84' lang='lat' dir='ltr'>injungentes</span> <span class='ocrx_word' id='word_1_116' title='bbox 1161 2157 1224 2223; x_wconf 88' lang='lat' dir='ltr'>tibi</span> <span class='ocrx_word' id='word_1_117' title='bbox 1238 2158 1273 2220; x_wconf 93' lang='lat' dir='ltr'>in</span> 
     </span>
     <span class='ocr_line' id='line_1_20' title="bbox 327 2256 1275 2338; baseline -0.002 -18"><span class='ocrx_word' id='word_1_118' title='bbox 327 2264 465 2320; x_wconf 89' lang='lat' dir='ltr'>tuorum</span> <span class='ocrx_word' id='word_1_119' title='bbox 489 2256 722 2320; x_wconf 85' lang='lat' dir='ltr'>remissionem</span> <span class='ocrx_word' id='word_1_120' title='bbox 749 2264 982 2338; x_wconf 91' lang='lat' dir='ltr'>peccatorum,</span> <span class='ocrx_word' id='word_1_121' title='bbox 1007 2264 1047 2320; x_wconf 94' lang='lat' dir='ltr'>ut</span> <span class='ocrx_word' id='word_1_122' title='bbox 1074 2256 1208 2319; x_wconf 90' lang='lat' dir='ltr'>rediens</span> <span class='ocrx_word' id='word_1_123' title='bbox 1231 2257 1275 2318; x_wconf 87' lang='lat' dir='ltr'>ad</span> 
     </span>
     <span class='ocr_line' id='line_1_21' title="bbox 327 2354 1277 2439; baseline -0.001 -20"><span class='ocrx_word' id='word_1_124' title='bbox 327 2363 454 2420; x_wconf 86' lang='lat' dir='ltr'>terram</span> <span class='ocrx_word' id='word_1_125' title='bbox 475 2363 582 2433; x_wconf 92' lang='lat' dir='ltr'>tuam,</span> <span class='ocrx_word' id='word_1_126' title='bbox 600 2355 743 2419; x_wconf 89' lang='lat' dir='ltr'>consilio</span> <span class='ocrx_word' id='word_1_127' title='bbox 758 2356 996 2439; x_wconf 87' lang='lat' dir='ltr'>episcoporum</span> <span class='ocrx_word' id='word_1_128' title='bbox 1012 2363 1048 2419; x_wconf 90' lang='lat' dir='ltr'>et</span> <span class='ocrx_word' id='word_1_129' title='bbox 1070 2354 1277 2438; x_wconf 90' lang='lat' dir='ltr'>optimatum</span> 
     </span>
     <span class='ocr_line' id='line_1_22' title="bbox 326 2454 1275 2537; baseline 0 -19"><span class='ocrx_word' id='word_1_130' title='bbox 326 2454 475 2531; x_wconf 88' lang='lat' dir='ltr'>tuorum,</span> <span class='ocrx_word' id='word_1_131' title='bbox 491 2474 577 2537; x_wconf 90' lang='lat' dir='ltr'>quas</span> <span class='ocrx_word' id='word_1_132' title='bbox 588 2454 738 2519; x_wconf 90' lang='lat' dir='ltr'>volneris</span> <span class='ocrx_word' id='word_1_133' title='bbox 754 2454 989 2537; x_wconf 90' lang='lat' dir='ltr'>possessiones</span> <span class='ocrx_word' id='word_1_134' title='bbox 1006 2455 1080 2519; x_wconf 89' lang='lat' dir='ltr'>sive</span> <span class='ocrx_word' id='word_1_135' title='bbox 1097 2455 1275 2519; x_wconf 85' lang='lat' dir='ltr'>libertates</span> 
     </span>
     <span class='ocr_line' id='line_1_23' title="bbox 326 2553 1274 2636; baseline 0.001 -18"><span class='ocrx_word' id='word_1_136' title='bbox 326 2554 420 2618; x_wconf 90' lang='lat' dir='ltr'>beati</span> <span class='ocrx_word' id='word_1_137' title='bbox 434 2553 564 2619; x_wconf 83' lang='lat' dir='ltr'>Albani</span> <span class='ocrx_word' id='word_1_138' title='bbox 591 2556 799 2618; x_wconf 88' lang='lat' dir='ltr'>monasterio</span> <span class='ocrx_word' id='word_1_139' title='bbox 824 2554 993 2631; x_wconf 85' lang='lat' dir='ltr'>conferas,</span> <span class='ocrx_word' id='word_1_140' title='bbox 1018 2564 1054 2620; x_wconf 88' lang='lat' dir='ltr'>et</span> <span class='ocrx_word' id='word_1_141' title='bbox 1082 2562 1142 2619; x_wconf 88' lang='lat' dir='ltr'>tuo</span> <span class='ocrx_word' id='word_1_142' title='bbox 1166 2556 1274 2636; x_wconf 91' lang='lat' dir='ltr'>privi-</span> 
     </span>
     <span class='ocr_line' id='line_1_24' title="bbox 327 2654 1277 2737; baseline 0.002 -20"><span class='ocrx_word' id='word_1_143' title='bbox 327 2654 418 2735; x_wconf 76' lang='lat' dir='ltr'>legio</span> <span class='ocrx_word' id='word_1_144' title='bbox 451 2654 531 2718; x_wconf 91' lang='lat' dir='ltr'>iude</span> <span class='ocrx_word' id='word_1_145' title='bbox 561 2654 654 2717; x_wconf 85' lang='lat' dir='ltr'>facto</span> <span class='ocrx_word' id='word_1_146' title='bbox 677 2673 740 2717; x_wconf 92' lang='lat' dir='ltr'>nos</span> <span class='ocrx_word' id='word_1_147' title='bbox 771 2654 938 2735; x_wconf 78' lang='lat' dir='ltr'>originale</span> <span class='ocrx_word' id='word_1_148' title='bbox 968 2662 1065 2718; x_wconf 91' lang='lat' dir='ltr'>tuum</span> <span class='ocrx_word' id='word_1_149' title='bbox 1094 2655 1277 2737; x_wconf 81' lang='lat' dir='ltr'>privilegio</span> 
     </span>
     <span class='ocr_line' id='line_1_25' title="bbox 327 2754 1276 2835; baseline 0.002 -19"><span class='ocrx_word' id='word_1_150' title='bbox 327 2761 447 2818; x_wconf 89' lang='lat' dir='ltr'>nostro</span> <span class='ocrx_word' id='word_1_151' title='bbox 469 2754 706 2818; x_wconf 89' lang='lat' dir='ltr'>roborabimus</span> <span class='ocrx_word' id='word_1_152' title='bbox 734 2761 1009 2835; x_wconf 89' lang='lat' dir='ltr'>consequenter;</span> <span class='ocrx_word' id='word_1_153' title='bbox 1041 2762 1076 2817; x_wconf 88' lang='lat' dir='ltr'>et</span> <span class='ocrx_word' id='word_1_154' title='bbox 1103 2762 1276 2818; x_wconf 91' lang='lat' dir='ltr'>monaste-</span> 
     </span>
    </p>
   </div>
   <div class='ocr_carea' id='block_1_6' title="bbox 327 2851 1376 2935">
    <p class='ocr_par' dir='ltr' id='par_1_6' title="bbox 327 2851 1376 2935">
     <span class='ocr_line' id='line_1_26' title="bbox 327 2851 1376 2935; baseline -0.006 -19"><span class='ocrx_word' id='word_1_155' title='bbox 327 2853 415 2916; x_wconf 92' lang='lat' dir='ltr'>rium</span> <span class='ocrx_word' id='word_1_156' title='bbox 437 2853 524 2917; x_wconf 93' lang='lat' dir='ltr'>illud</span> <span class='ocrx_word' id='word_1_157' title='bbox 546 2853 582 2916; x_wconf 91' lang='lat' dir='ltr'>in</span> <span class='ocrx_word' id='word_1_158' title='bbox 604 2853 788 2935; x_wconf 86' lang='lat' dir='ltr'>specialem</span> <span class='ocrx_word' id='word_1_159' title='bbox 807 2852 976 2916; x_wconf 85' lang='lat' dir='ltr'>Romanae</span> <span class='ocrx_word' id='word_1_160' title='bbox 998 2851 1151 2917; x_wconf 85' lang='lat' dir='ltr'>ecclesiae</span> <span class='ocrx_word' id='word_1_161' title='bbox 1170 2854 1276 2917; x_wconf 88' lang='lat' dir='ltr'>filiam</span> <span class='ocrx_word' id='word_1_162' title='bbox 1368 2892 1376 2910; x_wconf 89' lang='lat'><strong><em>.</em></strong></span> 
     </span>
    </p>
   </div>
   <div class='ocr_carea' id='block_1_7' title="bbox 327 2952 1279 3929">
    <p class='ocr_par' dir='ltr' id='par_1_7' title="bbox 327 2952 1276 3135">
     <span class='ocr_line' id='line_1_27' title="bbox 327 2952 1276 3036; baseline 0 -20"><span class='ocrx_word' id='word_1_163' title='bbox 327 2952 583 3036; x_wconf 86' lang='lat' dir='ltr'>adoptabimus,</span> <span class='ocrx_word' id='word_1_164' title='bbox 598 2960 635 3016; x_wconf 90' lang='lat' dir='ltr'>et</span> <span class='ocrx_word' id='word_1_165' title='bbox 650 2961 768 3016; x_wconf 86' lang='lat' dir='ltr'>nostro</span> <span class='ocrx_word' id='word_1_166' title='bbox 784 2952 870 3015; x_wconf 90' lang='lat' dir='ltr'>illud</span> <span class='ocrx_word' id='word_1_167' title='bbox 888 2952 1099 3034; x_wconf 90' lang='lat' dir='ltr'>apostolatui</span> <span class='ocrx_word' id='word_1_168' title='bbox 1115 2952 1276 3036; x_wconf 91' lang='lat' dir='ltr'>subjicie-</span> 
     </span>
     <span class='ocr_line' id='line_1_28' title="bbox 327 3049 1276 3135; baseline 0.001 -20"><span class='ocrx_word' id='word_1_169' title='bbox 327 3071 417 3129; x_wconf 90' lang='lat' dir='ltr'>mus,</span> <span class='ocrx_word' id='word_1_170' title='bbox 430 3053 525 3116; x_wconf 91' lang='lat' dir='ltr'>nullo</span> <span class='ocrx_word' id='word_1_171' title='bbox 541 3053 703 3135; x_wconf 91' lang='lat' dir='ltr'>episcopo</span> <span class='ocrx_word' id='word_1_172' title='bbox 719 3051 792 3116; x_wconf 88' lang='lat' dir='ltr'>sive</span> <span class='ocrx_word' id='word_1_173' title='bbox 807 3052 1066 3135; x_wconf 87' lang='lat' dir='ltr'>archiepiscopo</span> <span class='ocrx_word' id='word_1_174' title='bbox 1080 3049 1276 3116; x_wconf 63' lang='lat' dir='ltr'>mediante!</span> 
     </span>
    </p>

    <p class='ocr_par' dir='ltr' id='par_1_8' title="bbox 327 3150 1279 3929">
     <span class='ocr_line' id='line_1_29' title="bbox 378 3150 1276 3234; baseline 0 -19"><span class='ocrx_word' id='word_1_175' title='bbox 378 3150 448 3215; x_wconf 92' lang='lat' dir='ltr'>His</span> <span class='ocrx_word' id='word_1_176' title='bbox 462 3152 570 3234; x_wconf 83' lang='lat' dir='ltr'>igitur</span> <span class='ocrx_word' id='word_1_177' title='bbox 583 3152 722 3229; x_wconf 91' lang='lat' dir='ltr'>auditis,</span> <span class='ocrx_word' id='word_1_178' title='bbox 737 3171 813 3228; x_wconf 72' lang='lat' dir='ltr'>reu,</span> <span class='ocrx_word' id='word_1_179' title='bbox 829 3151 910 3233; x_wconf 91' lang='lat' dir='ltr'>quid</span> <span class='ocrx_word' id='word_1_180' title='bbox 927 3151 1029 3232; x_wconf 89' lang='lat' dir='ltr'>digne</span> <span class='ocrx_word' id='word_1_181' title='bbox 1047 3159 1154 3215; x_wconf 86' lang='lat' dir='ltr'>tantae</span> <span class='ocrx_word' id='word_1_182' title='bbox 1171 3152 1276 3233; x_wconf 86' lang='lat' dir='ltr'>largi-</span> 
     </span>
     <span class='ocr_line' id='line_1_30' title="bbox 328 3251 1275 3333; baseline 0 -19"><span class='ocrx_word' id='word_1_183' title='bbox 328 3251 393 3314; x_wconf 89' lang='lat' dir='ltr'>tati</span> <span class='ocrx_word' id='word_1_184' title='bbox 415 3252 601 3333; x_wconf 89' lang='lat' dir='ltr'>rependere</span> <span class='ocrx_word' id='word_1_185' title='bbox 618 3251 744 3328; x_wconf 90' lang='lat' dir='ltr'>valeat,</span> <span class='ocrx_word' id='word_1_186' title='bbox 760 3270 877 3314; x_wconf 91' lang='lat' dir='ltr'>secum</span> <span class='ocrx_word' id='word_1_187' title='bbox 899 3258 1111 3332; x_wconf 86' lang='lat' dir='ltr'>pertractat;</span> <span class='ocrx_word' id='word_1_188' title='bbox 1135 3252 1275 3315; x_wconf 87' lang='lat' dir='ltr'>tandem</span> 
     </span>
     <span class='ocr_line' id='line_1_31' title="bbox 327 3348 1275 3433; baseline 0.003 -21"><span class='ocrx_word' id='word_1_189' title='bbox 327 3348 447 3413; x_wconf 89' lang='lat' dir='ltr'>divina</span> <span class='ocrx_word' id='word_1_190' title='bbox 477 3371 592 3433; x_wconf 81' lang='lat' dir='ltr'>regem</span> <span class='ocrx_word' id='word_1_191' title='bbox 618 3351 808 3432; x_wconf 88' lang='lat' dir='ltr'>inspirante</span> <span class='ocrx_word' id='word_1_192' title='bbox 834 3350 948 3431; x_wconf 85' lang='lat' dir='ltr'>gratia</span> <span class='ocrx_word' id='word_1_193' title='bbox 976 3351 1110 3415; x_wconf 88' lang='lat' dir='ltr'>invenit</span> <span class='ocrx_word' id='word_1_194' title='bbox 1136 3350 1275 3415; x_wconf 88' lang='lat' dir='ltr'>salubre</span> 
     </span>
     <span class='ocr_line' id='line_1_32' title="bbox 328 3448 1277 3531; baseline -0.001 -18"><span class='ocrx_word' id='word_1_195' title='bbox 328 3449 522 3526; x_wconf 90' lang='lat' dir='ltr'>consilium,</span> <span class='ocrx_word' id='word_1_196' title='bbox 540 3457 575 3512; x_wconf 91' lang='lat' dir='ltr'>et</span> <span class='ocrx_word' id='word_1_197' title='bbox 596 3450 633 3512; x_wconf 92' lang='lat' dir='ltr'>in</span> <span class='ocrx_word' id='word_1_198' title='bbox 650 3449 704 3513; x_wconf 89' lang='lat' dir='ltr'>die</span> <span class='ocrx_word' id='word_1_199' title='bbox 727 3451 879 3513; x_wconf 89' lang='lat' dir='ltr'>crastina</span> <span class='ocrx_word' id='word_1_200' title='bbox 901 3449 1054 3513; x_wconf 92' lang='lat' dir='ltr'>scholam</span> <span class='ocrx_word' id='word_1_201' title='bbox 1071 3448 1277 3531; x_wconf 85' lang='lat' dir='ltr'>Anglornm,</span> 
     </span>
     <span class='ocr_line' id='line_1_33' title="bbox 328 3548 1277 3631; baseline 0.002 -20"><span class='ocrx_word' id='word_1_202' title='bbox 328 3568 407 3630; x_wconf 85' lang='lat' dir='ltr'>quae</span> <span class='ocrx_word' id='word_1_203' title='bbox 431 3556 513 3612; x_wconf 92' lang='lat' dir='ltr'>tunc</span> <span class='ocrx_word' id='word_1_204' title='bbox 532 3548 654 3612; x_wconf 88' lang='lat' dir='ltr'>Romae</span> <span class='ocrx_word' id='word_1_205' title='bbox 682 3549 812 3625; x_wconf 89' lang='lat' dir='ltr'>floruit,</span> <span class='ocrx_word' id='word_1_206' title='bbox 835 3550 1023 3631; x_wconf 85' lang='lat' dir='ltr'>ingressus,</span> <span class='ocrx_word' id='word_1_207' title='bbox 1046 3549 1141 3612; x_wconf 92' lang='lat' dir='ltr'>dedit</span> <span class='ocrx_word' id='word_1_208' title='bbox 1164 3551 1210 3612; x_wconf 92' lang='lat' dir='ltr'>ibi</span> <span class='ocrx_word' id='word_1_209' title='bbox 1233 3550 1277 3613; x_wconf 89' lang='lat' dir='ltr'>ad</span> 
     </span>
     <span class='ocr_line' id='line_1_34' title="bbox 328 3648 1279 3730; baseline 0.002 -20"><span class='ocrx_word' id='word_1_210' title='bbox 328 3648 617 3712; x_wconf 90' lang='lat' dir='ltr'>sustentationem</span> <span class='ocrx_word' id='word_1_211' title='bbox 645 3648 759 3730; x_wconf 77' lang='lat' dir='ltr'>gentis</span> <span class='ocrx_word' id='word_1_212' title='bbox 786 3650 883 3730; x_wconf 82' lang='lat' dir='ltr'>regni</span> <span class='ocrx_word' id='word_1_213' title='bbox 909 3650 964 3712; x_wconf 91' lang='lat' dir='ltr'>sui</span> <span class='ocrx_word' id='word_1_214' title='bbox 987 3649 1070 3712; x_wconf 96' lang='lat' dir='ltr'>illuc</span> <span class='ocrx_word' id='word_1_215' title='bbox 1098 3649 1279 3726; x_wconf 88' lang='lat' dir='ltr'>venientis,</span> 
     </span>
     <span class='ocr_line' id='line_1_35' title="bbox 328 3740 1279 3829; baseline 0.001 -19"><span class='ocrx_word' id='word_1_216' title='bbox 328 3740 501 3829; x_wconf 84' lang='lat' dir='ltr'>singulos²</span> <span class='ocrx_word' id='word_1_217' title='bbox 524 3758 707 3829; x_wconf 83' lang='lat' dir='ltr'>argenteos</span> <span class='ocrx_word' id='word_1_218' title='bbox 727 3747 769 3811; x_wconf 93' lang='lat' dir='ltr'>de</span> <span class='ocrx_word' id='word_1_219' title='bbox 791 3747 928 3812; x_wconf 81' lang='lat' dir='ltr'>familiis</span> <span class='ocrx_word' id='word_1_220' title='bbox 951 3747 1107 3829; x_wconf 70' lang='lat' dir='ltr'>singulis</span> <span class='ocrx_word' id='word_1_221' title='bbox 1121 3748 1279 3812; x_wconf 90' lang='lat' dir='ltr'>omnibus</span> 
     </span>
     <span class='ocr_line' id='line_1_36' title="bbox 328 3847 1278 3929; baseline 0 -18"><span class='ocrx_word' id='word_1_222' title='bbox 328 3848 364 3911; x_wconf 93' lang='lat' dir='ltr'>iu</span> <span class='ocrx_word' id='word_1_223' title='bbox 387 3853 562 3929; x_wconf 88' lang='lat' dir='ltr'>posterum</span> <span class='ocrx_word' id='word_1_224' title='bbox 583 3847 716 3924; x_wconf 76' lang='lat' dir='ltr'>diebuS,</span> <span class='ocrx_word' id='word_1_225' title='bbox 733 3848 880 3929; x_wconf 84' lang='lat' dir='ltr'>singulis</span> <span class='ocrx_word' id='word_1_226' title='bbox 903 3848 1015 3924; x_wconf 89' lang='lat' dir='ltr'>annis,</span> <span class='ocrx_word' id='word_1_227' title='bbox 1037 3848 1160 3929; x_wconf 90' lang='lat' dir='ltr'>quibus</span> <span class='ocrx_word' id='word_1_228' title='bbox 1183 3848 1278 3911; x_wconf 89' lang='lat' dir='ltr'>vide·</span> 
     </span>
    </p>
   </div>
   <div class='ocr_carea' id='block_1_8' title="bbox 328 4115 1280 4255">
    <p class='ocr_par' dir='ltr' id='par_1_9' title="bbox 328 4115 1280 4255">
     <span class='ocr_line' id='line_1_37' title="bbox 363 4115 1280 4184; baseline 0.003 -15"><span class='ocrx_word' id='word_1_229' title='bbox 363 4115 486 4169; x_wconf 68' lang='lat' dir='ltr'>&#39;Renum</span> <span class='ocrx_word' id='word_1_230' title='bbox 504 4121 620 4182; x_wconf 67' lang='lat' dir='ltr'>taudem]</span> <span class='ocrx_word' id='word_1_231' title='bbox 648 4122 696 4169; x_wconf 84' lang='lat' dir='ltr'>See</span> <span class='ocrx_word' id='word_1_232' title='bbox 715 4121 790 4182; x_wconf 79' lang='lat' dir='ltr'>l’agi,</span> <span class='ocrx_word' id='word_1_233' title='bbox 852 4118 993 4182; x_wconf 62' lang='lat' dir='ltr'>²Sr&#39;agulos</span> <span class='ocrx_word' id='word_1_234' title='bbox 1000 4121 1147 4184; x_wconf 69' lang='lat' dir='ltr'>argenteon]</span> <span class='ocrx_word' id='word_1_235' title='bbox 1155 4120 1280 4184; x_wconf 86' lang='lat' dir='ltr'>Compare</span> 
     </span>
     <span class='ocr_line' id='line_1_38' title="bbox 328 4189 1157 4255; baseline 0.001 -16"><span class='ocrx_word' id='word_1_236' title='bbox 328 4190 362 4239; x_wconf 79' lang='lat' dir='ltr'>ad</span> <span class='ocrx_word' id='word_1_237' title='bbox 375 4205 416 4239; x_wconf 87' lang='lat' dir='ltr'>en.</span> <span class='ocrx_word' id='word_1_238' title='bbox 429 4189 442 4255; x_wconf 58' lang='grc' dir='ltr'>ᾗ</span> <span class='ocrx_word' id='word_1_239' title='bbox 456 4195 494 4239; x_wconf 79' lang='grc'>13.</span> <span class='ocrx_word' id='word_1_240' title='bbox 817 4191 945 4253; x_wconf 87' lang='lat' dir='ltr'>Spelman,</span> <span class='ocrx_word' id='word_1_241' title='bbox 957 4192 1054 4241; x_wconf 88' lang='lat' dir='ltr'>Coucil.</span> <span class='ocrx_word' id='word_1_242' title='bbox 1067 4207 1092 4252; x_wconf 92' lang='lat' dir='ltr'>p.</span> <span class='ocrx_word' id='word_1_243' title='bbox 1101 4195 1157 4240; x_wconf 71' lang='lat' dir='ltr'>sla.</span> 
     </span>
    </p>
   </div>
   <div class='ocr_carea' id='block_1_9' title="bbox 0 0 1455 4852">
    <p class='ocr_par' dir='ltr' id='par_1_10' title="bbox 0 0 1455 4852">
     <span class='ocr_line' id='line_1_39' title="bbox 0 0 1455 4852; baseline 0 0"><span class='ocrx_word' id='word_1_244' title='bbox 0 0 1455 4852; x_wconf 95' lang='lat' dir='ltr'> </span> 
     </span>
    </p>
   </div>
  </div>
 </body>
</html>
