2888 4852
442 419 583 470 amnas
605 421 874 473 maronianus.
1066 410 1132 475 103

178 597 242 643 nec
268 578 369 644 vobis
392 596 575 661 assurgere
600 579 750 645 voluerit
781 598 858 645 cum
886 578 962 645 sitis
987 599 1130 645 numero

178 678 308 761 piures,
334 685 370 743 et
391 678 467 761 ipse
486 685 671 761 spernatur
693 699 714 744 a
737 679 860 744 vobis.’
912 679 1129 763 Factumque

178 785 233 843 est
255 784 308 855 ut,
324 779 540 843 venientibus
564 778 646 855 illis,
660 778 882 862 Augustinus
907 779 943 845 iu
965 779 1051 842 sella
1073 799 1128 843 se-

177 876 288 955 deret,
317 877 411 961 quod
433 877 486 942 illi
507 878 665 943 videntes
687 898 769 943 mox
792 880 828 942 iu
849 880 937 943 iram
968 880 1126 943 conversi
1235 956 1244 973 ι

175 983 272 1054 suut,
298 996 445 1060 eumque
478 978 649 1060 superbiae
683 985 855 1056 notantes,
882 979 1016 1042 cunctis
1046 996 1124 1060 quae

176 1075 315 1142 dicebat
350 1076 586 1141 contradicere
625 1077 857 1157 laborabant3
895 1078 1021 1162 quibus
1050 1076 1126 1142 Au·

176 1177 340 1256 gustiuus
360 1176 422 1255 ait,
455 1175 514 1240 ‘Si
534 1178 571 1240 in
595 1177 705 1241 tribus
732 1177 857 1241 saltem
884 1177 1123 1259 obtemperare

176 1275 262 1340 mibi
274 1275 394 1353 vultis,
411 1283 452 1340 ut
467 1275 606 1340 Pascha
621 1277 753 1342 scilicet
774 1296 839 1342 suo
861 1284 1015 1359 tempore
1031 1276 1120 1341 cele-

177 1376 297 1454 bretis,
325 1382 366 1438 ut
391 1375 618 1441 ministerium
640 1376 850 1458 baptizandi,
875 1395 945 1459 quo
964 1375 1042 1440 Deo
1067 1396 1122 1441 re·

173 1475 360 1553 nascimur,
372 1474 480 1559 juxta
495 1495 625 1541 morem
641 1483 773 1541 sauctae
785 1475 954 1540 Romanae
969 1475 1123 1539 ecclesiae

172 1575 389 1658 compleatis,
405 1582 446 1638 ut
456 1575 554 1658 genti
561 1572 754 1657 Auglorum
771 1594 840 1639 uua
853 1575 1032 1641 nobiscum
1045 1594 1124 1639 ver-

175 1676 257 1741 bum
272 1674 341 1739 Dei
364 1675 571 1757 praedicetis.
585 1681 712 1741 caetera
728 1694 808 1759 quae
832 1676 949 1757 agitis,
963 1675 1123 1759 quamvis

175 1773 328 1838 moribus
356 1775 483 1839 nostris
513 1776 700 1851 contraria,
730 1775 971 1857 aequanimiter
995 1774 1123 1838 tolere-

175 1874 313 1938 bimus!
357 1872 408 1941 At
430 1874 482 1938 illi
504 1874 589 1939 nibil
612 1894 651 1938 se
675 1874 797 1938 horum
826 1875 980 1939 facturos
1010 1893 1121 1956 neque

174 1972 272 2037 illum
288 1993 352 2056 pro
369 1973 628 2058 archiepiscopo
643 1993 681 2039 se
696 1974 875 2041 habituros
892 1972 1121 2048 affirmabant,

174 2073 392 2138 conferentes
415 2073 460 2137 ad
479 2075 639 2151 invicem,
657 2075 763 2157 ‘quia
776 2076 806 2138 si
822 2073 921 2138 uobis
939 2091 1122 2155 assurgere

176 2172 301 2252 uoluit,
324 2181 455 2257 quanto
477 2175 601 2256 magis,
631 2175 662 2237 si
688 2173 788 2237 subdi
815 2173 1034 2256 coeperimus,
1057 2192 1121 2254 pro

173 2272 282 2337 nihilo
307 2271 526 2338 contemnet?
576 2272 712 2352 Quibus
735 2273 790 2337 vir
812 2273 954 2337 Domini
981 2270 1123 2352 Augus·

172 2366 268 2437 tinus
282 2371 392 2437 fertm
403 2374 568 2437 minitans
581 2372 723 2449 dixisse,
742 2372 834 2454 quod
856 2373 886 2436 si
907 2389 1028 2453 pacem
1044 2390 1123 2434 cum

174 2472 341 2537 fratribus
363 2472 493 2537 nollent
517 2472 656 2550 habere,
670 2470 798 2535 bellum
819 2471 863 2534 ab
886 2471 1043 2534 hostibus
1070 2469 1124 2534 fo-

174 2579 253 2636 rent
279 2572 466 2655 accepturi,
505 2579 541 2636 et
573 2573 605 2636 si
641 2571 773 2635 nationi
805 2569 999 2651 Anglorum
1030 2568 1125 2632 viam

175 2673 258 2737 vitae
275 2671 464 2756 praedicare
487 2671 630 2749 nollent,
652 2690 715 2752 per
730 2669 852 2734 horum
876 2688 999 2733 manus
1020 2668 1125 2732 ultio·

176 2791 256 2836 nem
279 2779 396 2836 essent
415 2771 537 2836 mortis
555 2771 752 2853 accepturi3
776 2770 867 2853 quod
893 2770 944 2833 ita
966 2788 1028 2851 per
1052 2787 1126 2831 om·

176 2871 237 2937 nie
259 2878 299 2935 ut
319 2871 542 2955 praedixerat,
557 2871 676 2937 divino
702 2877 829 2952 agente
846 2869 992 2953 judicio,
1009 2875 1125 2951 patra·

176 2978 250 3036 tum
263 2979 327 3036 est

244 3143 288 3210 Ut
301 3165 356 3210 rea·
369 3138 713 3208 Nortboohmobrorem
727 3138 927 3225 Etbalsridoa
941 3138 1024 3204 milk
1038 3148 1067 3204 at

369 3244 510 3309 decenos
523 3241 737 3307 moedorum
752 3240 918 3336 interfecit,

229 3360 323 3431 ¹Nec
340 3365 451 3429 multo
465 3372 545 3448 post
559 3363 783 3441 Ethelsridus‚
801 3362 1124 3426 Northauhumbro·
1138 3382 1192 3423 an.
1203 3382 1247 3421 ιιι.

179 3486 254 3530 rum
269 3485 332 3531 rex
345 3464 554 3529 fortissimus
571 3470 607 3527 et
622 3481 780 3546 paganus
798 3462 1041 3539 ferocissimus,
1057 3461 1125 3524 col-

177 3566 267 3630 lecto
279 3564 403 3647 grandi
413 3564 580 3641 exercitu,
589 3556 788 3628 iu²civitate
801 3561 1004 3642 Legionum,
1014 3580 1093 3643 quae
1104 3579 1126 3624 a
1138 3580 1208 3621 neoc
1216 3579 1241 3619 or

179 3665 356 3730 Britannia
367 3662 607 3745 Kaer-legion,
616 3663 651 3726 id
661 3669 726 3739 est,
732 3662 856 3725 civitas
869 3660 1074 3742 Legionum,
1085 3680 1126 3724 eo
1138 3632 1228 3682 Μ’

178 3765 270 3849 quod
287 3765 456 3830 Romanae
471 3763 626 3846 legiones
648 3762 697 3826 ibi
711 3760 936 3844 perendinare
957 3761 1126 3837 solebant,

179 3866 367 3929 maximam
395 3882 441 3927 ex
467 3862 511 3927 iis
541 3862 624 3927 fecit
649 3869 814 3943 stragem.
878 3859 971 3923 Nam
1000 3860 1127 3923 bellum

213 4070 221 4103 ¹
235 4073 288 4121 Nee
302 4071 378 4120 naue
393 4069 471 4134 poet]
487 4070 535 4120 See
550 4067 639 4129 above,
663 4066 746 4127 origin
771 4064 800 4114 os
819 4064 870 4114 this
892 4079 965 4114 name
988 4065 1057 4113 there
1074 4066 1097 4112 is
1113 4078 1130 4112 a

179 4159 204 4206 p.
216 4147 274 4205 lob,
283 4146 338 4191 sote
349 4138 369 4191 ⁸.
641 4153 643 4157 ·
663 4137 723 4197 long
728 4134 1049 4186 dissertationinGibsou‘s
1055 4132 1130 4184 eem-

212 4209 504 4275 miracimmum]
516 4206 640 4271 Upoutbe
665 4205 726 4269 deu,
736 4206 753 4255 i.
764 4221 791 4268 p.
803 4209 860 4255 ⁴81.
