2888 4852
350 366 394 431 84
605 383 741 432 noonru
765 384 812 431 nn
836 381 1042 432 wannovna

191 558 330 650 ξίιιιιιῖιῃιιιιι
352 540 454 605 nibus
469 539 635 605 Adrianae
657 541 860 606 delitebunt.
913 540 957 604 In
976 540 1049 604 ictu
1068 537 1156 602 radii
1177 555 1300 600 exsur-

253 637 277 656 ”
353 649 437 724 gent
473 660 626 723 aequora,
658 649 694 705 et
723 641 838 724 pulvis
867 647 1023 705 veterum
1053 637 1300 715 renovabitnr;

353 740 542 824 confligent
567 741 660 805 venti
692 741 768 806 diro
792 741 943 818 flamine,
969 746 1007 805 et
1036 739 1188 804 sonitum
1211 736 1302 802 inter

353 839 467 905 sidera
482 840 687 905 conficient.'

531 1014 581 1077 De
595 1013 696 1077 reditu
710 1011 867 1077 Aurelii
853 1033 888 1076 co
902 1011 1117 1076 Britanniam.

194 1155 230 1195 ue
230 1155 333 1196 ruonsre
405 1137 602 1221 Cumque
592 1159 629 1203 rn
660 1137 752 1202 hunc
785 1138 924 1203 modum
963 1137 1023 1202 diu
1060 1136 1301 1220 prophetasset

193 1206 318 1346 ἵὲξέζΨ
357 1238 539 1315 Merlinus,
553 1238 731 1303 adstantes
747 1257 865 1303 omnes
881 1238 918 1303 in
934 1237 1196 1303 admirationem
1211 1257 1301 1302 com-

356 1339 475 1403 movit.
528 1337 760 1418 Vortigernus
788 1338 897 1420 igitur
922 1339 1055 1402 exitum
1081 1358 1183 1402 snum
1212 1336 1302 1401 scire

355 1438 568 1515 desiderans,
601 1439 739 1520 rogavit
763 1437 929 1522 juvenem
964 1437 1030 1502 sibi
1061 1437 1175 1502 dicere
1210 1437 1303 1519 quod

355 1538 510 1617 sciebat;
543 1537 587 1602 ad
616 1557 719 1619 quem
750 1537 932 1616 Merlinus,
969 1537 1116 1619 ‘Ignem
1153 1536 1302 1601 filiorum

357 1637 579 1703 Constantini
601 1637 729 1719 diffuge
755 1637 786 1701 si
811 1637 927 1717 vales;
950 1656 1030 1701 nam
1054 1644 1191 1718 gentem
1212 1635 1302 1700 Sax-

357 1757 463 1803 onum
494 1737 744 1821 subjugabunt,
775 1743 811 1801 et
839 1738 988 1819 teipsum
1014 1737 1105 1801 infra
1138 1735 1302 1820 oppidum

358 1836 548 1902 Genorium
564 1837 733 1901 inclusum
749 1837 962 1902 comburent.
1015 1836 1207 1902 Rubebunt
1221 1855 1302 1900 san·

357 1938 462 2019 guine
492 1936 671 2001 Saxonum
699 1935 817 2014 facies,
845 1944 880 2001 et
910 1936 1092 2002 interfecto
1127 1935 1302 2018 Hengisto

197 2049 322 2141 {3333ss
359 2030 538 2101 ¹Aurelius
571 2035 777 2101 Ambrosius
803 2036 1048 2101 coronabitur!
1099 2035 1176 2101 Nec
1206 2055 1304 2101 mora

324 2127 329 2140 '
356 2143 444 2214 erat,
459 2156 537 2201 cum
555 2137 706 2201 crastina
719 2135 793 2201 dies
809 2136 995 2214 illuxisset,
1009 2136 1177 2219 applicuit
1190 2134 1303 2200 Aure·

356 2235 423 2300 lius
452 2234 657 2300 Ambrosius
685 2234 894 2301 cumfratre
920 2256 984 2301 suo
1011 2235 1301 2320 Uterpendragon

356 2344 392 2400 et
405 2336 585 2401 innumera
600 2335 822 2400 multitudine
847 2344 1068 2401 armatorum.
1120 2335 1301 2401 Convene-

357 2443 439 2500 runt
454 2437 573 2517 itaque
589 2436 750 2500 Britones
773 2436 923 2519 undique
942 2436 1100 2518 dispersi,
1120 2444 1156 2500 et
1172 2456 1300 2501 convo·

356 2543 435 2600 cato
460 2536 557 2617 regni
583 2535 675 2599 clero
699 2533 879 2599 Aurelium
903 2535 939 2600 in
963 2555 1078 2618 regem
1103 2543 1301 2601 erexerunt.

356 2634 569 2699 Sublimatns
593 2642 721 2712 antem,
738 2635 901 2699 ecclesias
919 2635 962 2700 ad
979 2637 1092 2701 solum
1111 2656 1222 2719 usque
1241 2636 1301 2699 dc-

355 2742 518 2811 structas,
537 2741 576 2798 ut
595 2735 722 2818 potuit,
737 2755 899 2819 reparare
918 2737 1068 2802 vacavit.
1119 2730 1225 2800 ²Erat
1239 2754 1301 2799 au-

356 2842 424 2899 tem
450 2834 570 2916 largus
592 2835 629 2898 in
646 2835 843 2899 muneribus
867 2835 1001 2913 dandis,
1025 2835 1166 2901 sedulus
1187 2835 1224 2899 in
1248 2836 1301 2899 di·

355 2935 444 2998 vinis
478 2934 664 3017 obsequiis,
694 2934 870 2999 modestus
897 2935 934 2998 in
962 2936 1107 3013 cunctiS,
1135 2943 1170 2999 et
1195 2955 1300 3019 super

354 3035 470 3098 omnia
487 3034 701 3098 mendacium
715 3042 939 3119 postponens,
955 3035 1055 3100 fortis
1068 3035 1166 3118 pede,
1179 3035 1302 3100 fortior

354 3154 455 3216 equo,
471 3142 505 3198 et
522 3134 566 3197 ad
582 3133 769 3215 regendum
784 3136 973 3199 exercitum
987 3135 1153 3200 eruditus
1205 3134 1301 3198 Tali·

353 3233 419 3296 bus
432 3234 618 3314 insignitus
636 3233 833 3312 virtutibus,
848 3235 940 3299 sama
957 3235 1066 3319 ipsius
1091 3236 1127 3299 in
1151 3235 1301 3300 nationi·

354 3334 418 3395 bus
433 3333 576 3398 celebris
592 3332 793 3397 habebatur.

510 3506 552 3569 Ut
575 3506 771 3590 Vonipcrnur
786 3528 839 3570 rea
855 3507 994 3572 inccndio
1002 3509 1143 3593 perram.

298 3668 302 3679 ·
407 3628 508 3694 Anno
533 3631 656 3714 gratiae
681 3648 868 3696 ccccnxvl.
897 3651 975 3695 cunr
999 3633 1158 3698 Britanni
1186 3656 1299 3717 regem

355 3727 535 3793 Aurelium
557 3729 832 3808 cohortarentur,
849 3738 889 3796 ut
906 3732 942 3795 in
957 3732 1116 3798 Saxones
1135 3734 1299 3818 impetum

391 4089 690 4162 manlianorum]
703 4096 808 4145 Ambro·
840 4097 926 4147 mouth
938 4103 963 4146 lo
973 4098 1038 4148 have
1048 4099 1141 4151 lauded
1152 4102 1302 4154 at'l'otness.

351 4166 405 4214 nius
417 4166 439 4214 ia
451 4165 506 4214 said
525 4166 558 4226 by
570 4164 690 4227 Geod'rey
701 4166 730 4215 oi
739 4167 811 4215 Mon·
867 4164 948 4217 'Emt
958 4170 1060 4233 cutm]
1071 4171 1119 4221 See
1127 4172 1229 4236 Gildas,
1239 4175 1301 4237 §ila
